1820 3080
126 629 169 661 10

200 91 287 133 224

715 94 877 131 TACITI
900 95 1238 134 HISTORIARUM

197 215 402 255 egressum
446 204 630 244 cubiculo
668 204 951 258 Vespasianum
994 209 1112 260 pauci
1154 208 1316 263 milites,
1367 210 1482 252 solito
1525 212 1764 255 adsistentes

197 263 336 303 ordine
368 269 413 303 ut
443 263 616 316 legatum
655 265 879 319 salutaturi,
922 268 1203 319 imperatorem
1243 269 1480 312 salutavere:
1522 276 1608 312 tum
1638 275 1765 314 ceteri

151 331 173 363 5
200 323 433 377 adcurrere,
472 323 679 364 Caesarem
717 332 758 365 et
793 326 1016 378 Augustum
1055 332 1095 367 et
1132 329 1262 368 omnia
1299 330 1546 382 principatus
1576 332 1763 373 vocabula

196 381 411 422 cumulare.
473 395 584 423 mens
610 396 631 423 a
663 390 771 424 metu
803 385 851 424 ad
883 386 1083 426 fortunam
1108 389 1338 429 transierat:
1368 391 1410 429 in
1440 391 1528 442 ipso
1561 390 1661 431 nihil
1699 397 1760 433 tu-

195 441 346 481 midum
379 442 572 495 adrogans
598 448 667 483 aut
691 445 732 483 in
758 443 879 484 rebus
911 446 1024 485 novis
1049 458 1194 486 novum
1221 447 1307 487 suit.
1357 453 1402 488 ut
1431 450 1605 501 primum
1630 456 1761 491 tantae

195 499 415 541 altitudinis
437 501 617 542 obfusam
643 503 768 543 oculis
794 503 1002 556 caliginem
1027 505 1200 558 disiecit,
1230 506 1454 548 militariter
1479 507 1636 549 locutus
1661 508 1761 550 laeta

195 561 324 600 omnia
356 567 396 601 et
427 561 627 602 affluentia
659 564 832 617 excepit;
873 575 1043 616 namque
1074 565 1115 604 id
1147 566 1277 617 ipsum
1309 568 1522 619 opperiens
1551 567 1760 610 Mucianus

195 619 364 660 alacrem
401 620 566 661 militem
603 623 644 661 in
681 622 800 662 verba
838 622 1067 674 Vespasiani
1109 623 1252 676 adegit.
1313 631 1400 666 tum
1434 626 1760 669 Antiochensium

195 679 393 719 theatrum
425 682 647 734 ingressus,
688 681 756 721 ubi
793 682 871 721 illis
909 682 1134 723 consultare
1165 696 1251 723 mos
1283 690 1362 739 est,
1405 684 1695 727 concurrentes
1721 693 1763 728 et

196 739 238 777 in
269 739 533 779 adulationem
566 740 712 780 effusos
750 741 997 795 adloquitur,
1042 744 1137 782 satis
1169 743 1339 784 decorus
1376 746 1494 785 etiam
1529 745 1676 787 Graeca
1708 747 1762 786 ta-

194 797 338 838 cundia
369 800 646 852 omniumque,
679 812 779 852 quae
811 801 963 841 diceret
992 807 1110 854 atque
1143 808 1294 856 ageret,
1326 809 1410 844 arte
1436 805 1605 857 quadam
1631 811 1762 846 osten·

194 935 271 970 ersi:
301 946 368 971 vor
398 936 550 972 kurzem
582 937 643 973 die
667 937 856 983 Legionen
880 939 941 974 fiir

193 982 371 1019 Vitellius
408 982 447 1019 in
481 984 552 1019 Eid
590 985 666 1020 und
702 985 840 1022 Pflicht
877 998 938 1033 ge-

193 1041 370 1066 nommen
395 1032 440 1076 (c.
470 1034 541 1077 74).

192 1088 301 1161 1155?
301 1079 395 1161 ³51³?
396 1080 638 1173 Ξῖἔὲἕῖῧξέ
639 1079 843 1163 ἴῗῃ“’νῑῗὲ’
858 1085 937 1174 {g}

192 1184 236 1207 zu
261 1172 306 1217 Π,
337 1177 392 1218 19,
418 1178 450 1209 9.

240 1223 272 1255 4.
313 1224 355 1256 ut
403 1221 560 1266 leyatum
601 1223 819 1269 salutaturi]
868 1223 938 1258 Die

191 1267 335 1304 Wache
360 1268 471 1304 sollte
491 1269 694 1315 eigentlich
715 1270 799 1305 dem
820 1269 940 1305 Stati,-

190 1315 315 1398 halteii·
340 1315 414 1351 den
432 1316 659 1362 gewohnten
678 1317 937 1364 Morgengruss

192 1373 279 1397 zuru
299 1375 355 1399 en.

239 1414 271 1445 5.
298 1412 514 1448 vocabulum
541 1411 699 1456 ‘'titel’,
725 1412 795 1447 wie
822 1423 853 1449 c.
880 1415 935 1457 58,

194 1462 249 1493 12.
276 1461 333 1502 62,
359 1462 392 1494 9.
438 1459 520 1504 Vgl.
547 1459 643 1494 auch
669 1459 731 1504 IV,
760 1463 804 1494 14
829 1461 938 1496 varia

185 1506 400 1549 praedandi
429 1507 615 1542 vocabula.
649 1527 694 1533 -—
725 1507 803 1542 Aus
832 1518 937 1544 voca-

192 1553 280 1588 bula
311 1554 496 1589 cumulare
527 1554 707 1589 entnimm
738 1565 866 1591 vocare
893 1567 938 1590 zu

194 1598 385 1636 Gaesarem
408 1604 441 1636 et
465 1600 674 1646 Auqustum
700 1602 903 1648 (Zeugma).

234 1651 272 1683 ’6.
283 1658 381 1683 meris
392 1660 416 1683 a
427 1652 524 1684 metu
535 1648 622 1695 eta]
638 1649 708 1684 Die
723 1650 936 1695 Stimmung

191 1695 258 1731 der
275 1693 605 1740 Anhangerschaft.
623 1707 701 1731 war
719 1697 837 1732 sofort
854 1708 935 1732 um-

190 1741 418 1788 geschlagen
442 1744 519 1778 und
543 1744 648 1779 hatte
674 1744 754 1779 sich
772 1755 845 1780 von
864 1745 935 1780 Be-

190 1789 938 1884 {Zigssssifiiissffieffi}{fissssssffiffa‘iffi

189 1884 384 1930 Priignanz
418 1886 483 1921 der
514 1886 734 1932 Bedeutung
765 1897 838 1922 von
862 1887 937 1931 for-

190 1936 285 1968 tuna
296 1932 760 1980 (‘gliicklicherAusgang,
775 1933 937 1980 Erfolg')

189 1980 264 2026 vgl.
284 1980 349 2025 IV,
371 1984 416 2017 78
439 1985 584 2017 secutus
607 1982 796 2026 fortunam
814 1986 938 2017 eastra

188 2027 346 2063 hostium
359 2029 461 2074 capit
473 2030 703 2075 eoecinditque
709 2042 722 2072 ;
740 2029 783 2063 A.
797 2028 876 2074 XV,
891 2033 937 2064 34

188 2075 308 2120 ipsam
332 2077 484 2112 recentis
509 2087 615 2112 casus
639 2077 828 2120 fortunam
852 2078 936 2112 eele-

189 2123 301 2159 brans
327 2123 474 2169 (Nero);
506 2123 593 2169 Agr.
620 2127 642 2158 8
674 2125 724 2160 ad
755 2127 937 2160 auctorem

188 2180 234 2205 ac
257 2170 383 2206 ducem
407 2174 450 2206 ut
472 2171 637 2206 minister
666 2172 854 2215 fortunam
878 2182 938 2207 re-

187 2217 346 2262 ferebat;
385 2228 416 2253 c.
451 2221 495 2253 16
526 2229 636 2263 quam
673 2218 934 2264 (Britanniam)

188 2265 303 2300 wnius
320 2265 457 2310 proelii
481 2266 636 2309 fortuna
660 2266 772 2300 veteri
790 2267 934 2311 patien-

189 2312 263 2347 tiae
293 2313 462 2348 restituit.
513 2313 619 2347 Aueh
652 2313 696 2347 H.
732 2312 766 2356 Ι,
800 2316 861 2358 10,
889 2316 933 2348 15

187 2357 278 2395 lassi:
291 2359 371 2395 sich
377 2363 462 2405 post
476 2360 664 2403 fortunam
684 2359 799 2395 durch
822 2360 933 2395 ‘nach

189 2406 274 2441 dem
294 2406 535 2452 gliicklichen
553 2407 720 2453 Erfolge’
748 2407 931 2444 erklaren.

186 2452 377 2490 Prammer
395 2454 482 2490 lissi:
504 2455 680 2499 fiduciam
704 2456 797 2490 statt
813 2456 932 2499 fortu-

186 2512 284 2546 nam,
304 2513 368 2537 um
381 2502 490 2538 einen
506 2502 708 2538 kontrfiren
723 2502 931 2547 Gegensatz

187 2561 232 2583 zu
255 2553 352 2585 metu
375 2549 633 2585 herzustellen.
665 2541 765 2585 Uber
784 2549 844 2585 die
863 2549 932 2584 Be-

188 2596 355 2642 deutung
380 2597 445 2632 des
470 2595 593 2642 qupf.
619 2609 646 2634 s.
673 2609 717 2632 zu
741 2597 786 2641 II,
814 2601 846 2642 5,
875 2601 930 2632 12.

233 2643 276 2678 in
300 2645 379 2689 ipso
403 2644 498 2679 nihil
521 2655 654 2680 novum
677 2645 767 2691 fuit]
799 2645 850 2679 Er
874 2645 933 2679 fiir

187 2690 287 2727 seine
301 2691 437 2727 Person
456 2701 534 2726 war
551 2691 590 2727 in
609 2692 681 2727 den
699 2703 819 2728 neuen
839 2692 931 2727 Ver—

185 2737 393 2774 hffltnissen
412 2739 478 2774 der
496 2739 573 2774 alte
595 2739 805 2784 geblieben.
831 2732 931 2774 Uber

185 2786 367 2821 tumidum
392 2798 420 2821 s.
447 2798 493 2821 zu
518 2797 549 2822 e.
576 2790 633 2830 30,
661 2790 715 2822 13.

234 2835 267 2867 7.
299 2836 340 2867 ut
364 2834 528 2878 primum
558 2837 682 2869 tantae
718 2834 930 2869 altitudinis

185 2878 353 2923 obfusam
389 2881 504 2916 oeulis
540 2882 732 2926 ealiyirtem
768 2881 925 2927 disiecit]

1015 938 1164 975 ‘sobald
1190 949 1230 975 er
1255 940 1327 976 den
1353 940 1576 987 Schwindel,
1602 942 1668 978 der
1691 941 1759 979 ihu

1011 986 1105 1023 iiber
1129 987 1230 1023 seine
1255 986 1353 1024 hohe
1376 987 1549 1035 Stellung
1566 989 1760 1036 fiberkam,

1011 1035 1264 1070 iiberwundeu
1278 1035 1412 1071 hatte’.
1438 1036 1524 1082 Vgl.
1538 1036 1617 1073 Liv.
1627 1037 1760 1084 XXVI,

1011 1085 1069 1126 45,
1089 1085 1110 1116 3
1137 1093 1218 1117 eum
1243 1083 1401 1119 altitudo
1425 1084 1619 1131 caliyinem
1643 1086 1759 1122 oculis

1010 1129 1207 1173 offudisset.
1264 1130 1322 1165 Da
1353 1130 1440 1166 Tac.
1475 1132 1759 1169 uuzweifelhaft

1011 1176 1113 1212 diese
1140 1176 1256 1212 Stelle
1280 1176 1332 1212 im
1366 1177 1478 1213 Sinna
1509 1178 1651 1224 gehabt
1674 1179 1753 1224 hat,

1011 1223 1067 1258 als
1098 1235 1137 1258 er
1168 1222 1229 1258 die
1259 1235 1334 1260 von
1365 1224 1446 1261 Liv.
1483 1225 1523 1260 in
1559 1225 1660 1262 ihrer
1698 1239 1757 1262 ur·

1012 1270 1278 1316 sprunglichen
1291 1271 1513 1318 Bedeutung
1525 1273 1756 1318 gebrauchte

1010 1317 1304 1364 Redewendung
1327 1318 1386 1354 ins
1409 1319 1623 1367 Figiirlighe
1648 1321 1757 1357 iiber-

1012 1366 1111 1411 trug,
1139 1376 1179 1401 so
1206 1366 1351 1402 scheinl:
1375 1365 1527 1403 Trillers
1549 1367 1755 1415 Anderung

1010 1413 1077 1448 der
1107 1413 1240 1448 Lesart
1276 1414 1341 1449 des
1375 1414 1474 1451 Med.
1505 1416 1759 1452 multitudinis

1010 1461 1310 1506 gerechtfertigt.

1058 1512 1090 1545 8.
1115 1509 1341 1554 militariter]
1378 1509 1453 1555 vgl.
1480 1508 1606 1552 Quint„
1631 1510 1696 1555 XI,
1722 1515 1756 1558 1,

1010 1558 1055 1590 32
1103 1556 1331 1600 simpliciora
1378 1557 1558 1593 militares
1608 1558 1754 1603 decenn

1008 1602 1088 1638 Liv.
1115 1602 1179 1647 IV,
1205 1607 1263 1647 41,
1290 1606 1308 1637 1
1335 1605 1507 1640 adversas
1539 1605 1627 1641 haee
1653 1604 1755 1642 Tem·

1002 1650 1115 1695 panii
1133 1651 1252 1686 oratio
1271 1651 1456 1696 incompta
1471 1652 1585 1695 fuisse
1602 1648 1753 1698 dieitur,

1008 1700 1161 1732 ceterum
1185 1698 1397 1733 militariter
1420 1700 1557 1744 qravis,
1581 1710 1657 1736 non
1677 1701 1757 1737 suis

1007 1755 1106 1780 vana
1130 1745 1320 1790 laudibus,
1351 1756 1427 1782 ‘non
1457 1747 1610 1783 erimine
1634 1748 1755 1784 alieno

1008 1792 1116 1827 laeta.

1057 1840 1152 1875 laeta
1171 1840 1294 1875 omnia
1315 1859 1358 1865 ——
1378 1840 1530 1887 excipit]
1560 1841 1615 1876 ‘er
1639 1842 1752 1878 nahm

1009 1886 1229 1922 erfreuliohe
1268 1885 1523 1923 Naehrichten
1564 1888 1604 1924 in
1638 1888 1753 1925 Hune

1009 1934 1086 1969 und
1110 1933 1215 1969 Fiille
1235 1935 1435 1980 entgegem
1461 1935 1536 1981 vgl.
1556 1936 1584 1981 I,
1604 1939 1649 1972 5⁷
1674 1938 1755 1982 qui-

1010 1983 1077 2018 bus
1096 1983 1308 2028 praesentia
1331 1993 1376 2018 ex
1399 1983 1578 2027 affluenti.
1769 2007 1772 2009 Δ

1058 2033 1092 2065 9.
1117 2029 1158 2064 id
1175 2029 1313 2076 ipsum]
1334 2029 1394 2065 die
1407 2030 1660 2066 Nachriehten
1678 2042 1753 2068 von

1010 2076 1083 2111 deu
1090 2076 1315 2122 Vorgangen
1327 2075 1366 2111 in
1373 2076 1601 2123 Vespasium
1608 2078 1753 2125 Haupt-

1009 2123 1174 2168 quartier
1199 2136 1244 2159 zu
1269 2124 1461 2160 Caesarea.

1058 2174 1112 2207 11.
1139 2171 1206 2206 ubi
1236 2171 1313 2206 illis
1343 2172 1548 2207 consultare
1577 2182 1653 2208 mos
1682 2173 1752 2221 est]

1006 2218 1103 2253 nach
1139 2217 1411 2263 griechischem
1447 2218 1632 2263 Branche3
1658 2231 1754 2266 ,war

1007 2264 1106 2300 doch
1130 2264 1331 2301 Antiochia
1362 2265 1444 2301 eine
1475 2276 1550 2302 von
1575 2266 1752 2303 Seleucus

1006 2312 1165 2348 Nicator
1194 2313 1426 2359 gegriindete
1451 2313 1750 2352 Griechenstadt.

1005 2359 1090 2406 Vgl.
1110 2360 1184 2396 Cic.
1210 2372 1247 2406 p.
1267 2359 1389 2396 Flace.
1414 2364 1434 2404 ξ
1457 2365 1501 2396 16
1529 2360 1752 2398 Graecorum

1004 2411 1100 2443 totae
1108 2408 1343 2453 respublicae
1352 2408 1508 2443 sedentis
1517 2408 1570 2454 (in
1586 2409 1749 2455 theatro)

972 2468 984 2485 ι
1003 2455 1185 2490 contionis
1202 2456 1399 2491 temeritate
1417 2456 1748 2500 administrantur,-

1003 2503 1099 2548 Nep.
1121 2502 1256 2537 Timol.
1277 2506 1300 2537 4
1318 2503 1482 2538 veniebat
1498 2503 1541 2538 in
1559 2503 1750 2548 theatrum,

1003 2560 1085 2585 cum
1102 2550 1157 2585 ibi
1175 2550 1369 2585 concilium
1386 2551 1521 2596 populi
1537 2551 1750 2596 haberetur,-

1002 2597 1127 2632 Frons
1167 2597 1271 2632 strat.
1308 2596 1371 2640 ΠΙ,
1409 2601 1442 2642 2,
1478 2601 1499 2633 6
1537 2598 1749 2634 Alcibiades

1003 2645 1046 2679 iri
1081 2645 1222 2680 theatro
1258 2645 1447 2688 disseruit,
1484 2645 1550 2680 ubi
1577 2656 1623 2680 ex
1651 2655 1749 2681 more

1006 2690 1228 2727 Graecorum
1247 2692 1346 2727 loeus
1364 2692 1625 2727 consultationi
1637 2703 1747 2737 prae-

1002 2739 1163 2774 bebatur.

1051 2789 1106 2821 13.
1132 2789 1210 2821 arte
1246 2786 1404 2831 quadam
1443 2786 1653 2833 ostentator]
1687 2785 1748 2822 fiir

1001 2833 1195 2877 artificiose
1217 2837 1413 2868 ostentator
1432 2832 1522 2868 oder
1540 2834 1748 2870 ostentandi

1000 2881 1137 2924 artifeae
1165 2879 1250 2925 (wie
1276 2891 1307 2916 c.
1327 2883 1373 2915 86
1398 2880 1570 2916 serendae
1592 2882 1635 2917 ira
1652 2882 1747 2917 alios
