1820 3080
109 327 163 370 78

105 872 147 903 10

181 98 268 141 222

702 99 861 136 TACITI
886 100 1224 138 HISTORIARUM

179 210 278 250 tellii
308 216 470 263 torpore
496 212 653 251 inscitia
684 213 856 252 saevitia.
900 211 969 251 sed
1001 213 1205 252 meliorem
1230 214 1271 252 in
1301 212 1404 254 bello
1436 227 1595 255 causam
1625 227 1743 268 quam

178 272 219 310 in
251 282 348 322 pace
379 270 587 324 habemus;
619 283 709 311 nam
740 273 810 324 qui
841 271 1076 325 deliberant,
1108 270 1388 313 desciverunt?

297 329 392 368 Post
428 329 602 370 Muciani
639 331 857 370 orationem
897 332 1022 371 ceteri
1059 331 1270 372 audentius
1313 334 1607 373 circumsistere
1650 334 1741 375 hor-

178 390 271 438 tari,
310 401 501 441 responsa
532 394 666 429 vatum
697 395 737 430 et
768 390 944 430 siderum
974 395 1107 431 motus
1138 391 1299 431 referre.
1349 403 1423 432 nec
1454 397 1540 432 erat
1569 394 1743 434 intactus

177 447 246 487 tali
277 449 578 503 superstitione,
615 455 660 489 ut
690 451 760 502 qui
795 462 886 489 mox
918 462 1053 490 rerum
1085 450 1268 490 dominus
1299 451 1509 492 Seleucum
1545 452 1742 504 quendam

176 506 498 548 mathematicum
530 514 728 548 rectorem
760 515 799 549 et
830 511 1054 561 praescium
1084 510 1212 562 palam
1238 510 1432 551 habuerit.
1485 511 1744 553 recursabant

129 574 150 606 5
176 568 306 606 animo
338 572 470 607 vetera
502 569 650 608 omina:
685 581 900 621 cupressus
931 569 1050 608 arbor
1080 571 1122 609 in
1158 571 1265 621 agris
1296 571 1382 610 eius
1414 573 1625 622 conspicua
1657 570 1742 612 alti-

176 626 313 666 tudine
345 632 509 679 repente
540 628 766 679 prociderat
797 641 842 667 ac
873 633 1032 680 postera
1063 629 1126 668 die
1158 629 1297 669 eodem
1329 631 1493 682 vestigio
1528 642 1742 683 resurgens

175 697 342 737 procera
373 692 414 726 et
443 686 583 726 laetior
607 687 770 728 virebat.
816 687 963 739 grande
988 688 1028 727 id
1054 700 1370 741 prosperumque
1397 701 1593 730 consensu
1625 689 1742 730 haru-

175 746 330 797 spicum
362 751 402 785 et
433 758 585 786 summa
617 746 810 787 claritudo
849 748 983 786 iuveni
1020 747 1232 787 admodum
1264 748 1502 800 Vespasiano
1533 750 1739 803 promissa,

174 805 245 844 sed
285 806 414 857 primo
452 806 704 858 triumphalia
742 811 782 846 et
823 806 1054 846 consulatus
1093 812 1133 846 et
1162 806 1343 847 Iudaicae
1387 809 1573 848 victoriae
1616 808 1740 849 decus

174 864 346 916 inplesse
378 864 496 904 fidem
527 867 670 905 ominis
702 865 925 906 videbatur:
957 871 1002 906 ut
1032 866 1130 906 haec
1161 867 1328 919 adeptus
1356 872 1428 920 est,
1454 866 1639 920 portendi
1662 866 1741 907 sibi

173 924 385 975 imperium
425 924 623 965 credebat.
685 930 746 965 est
782 925 966 965 Iudaeam
1003 927 1108 965 inter
1146 925 1383 979 Suriamque
1421 925 1643 967 Carmelus:
1683 927 1739 967 ita

172 989 314 1023 vocant
344 988 520 1024 montem
557 984 766 1037 deumque.
828 997 902 1024 nec
943 984 1198 1026 simulacrum
1235 985 1309 1026 deo
1340 991 1408 1026 aut
1438 985 1630 1038 templum
1661 981 1740 1041 (sic

222 1089 276 1121 16.
310 1089 437 1131 torpor
475 1085 737 1132 ‘Lethargie’‚
774 1086 845 1122 wie
887 1097 917 1121 e.

218 1180 386 1226 inscitia]
413 1180 489 1226 vgl.
516 1191 546 1216 e.
575 1184 618 1216 76
644 1181 759 1217 nullis
782 1182 918 1227 stipen—

170 1229 260 1272 diis,
296 1228 404 1264 nulla
426 1228 584 1264 militari
614 1229 717 1272 fama
746 1229 823 1263 und
854 1228 919 1265 be-

171 1256 322 1311 sonders
348 1275 418 1319 ΙΙΙ,
445 1279 500 1311 56
551 1268 652 1311 Uber
683 1275 744 1312 die
776 1276 919 1312 Beden-

170 1323 265 1368 tung
291 1334 362 1358 von
387 1323 538 1359 inscitia
562 1334 591 1358 e.
617 1336 662 1358 zu
686 1323 714 1367 Ι,
742 1328 773 1368 1,
801 1327 832 1360 7.

217 1370 385 1417 saevitia]
413 1381 441 1405 ε.
460 1370 507 1416 ΙΙ,
534 1374 591 1406 64.
613 1374 671 1406 70.
693 1375 750 1406 73.
777 1370 840 1415 ΙΙΙ,
861 1374 917 1407 39.

216 1419 278 1454 sed
303 1417 540 1454 abbrechend
567 1435 612 1447 =
640 1418 860 1464 ‘fibrigens’.

219 1469 275 1502 17.
319 1465 540 1512 deliberarat]
584 1466 673 1501 Zum
711 1465 918 1502 Gedanken

169 1513 244 1558 vgl.
270 1512 335 1557 IV,
360 1517 406 1549 49
431 1514 473 1549 in
500 1523 592 1558 pace
615 1517 778 1558 suspecto
801 1514 919 1549 tatius

170 1561 320 1605 bellarm
352 1564 439 1606 Agr.
476 1563 519 1595 15
556 1561 631 1596 iam
668 1562 783 1606 ipsos,
821 1562 918 1606 quod

169 1608 431 1664 difficillimum
440 1608 565 1651 fuerit,
573 1608 780 1644 deliberare.
801 1619 917 1653 porro

169 1656 212 1691 in
242 1656 320 1691 eius
348 1656 447 1691 modi
478 1655 642 1691 consiliis
676 1656 917 1700 periculosius

169 1713 241 1739 esse
265 1703 482 1760 deprehendi
505 1714 614 1748 quam
638 1703 914 1746 audere;P1ut.

170 1750 276 1786 Galb.
303 1754 325 1785 4
350 1748 392 1786 τὸ
425 1747 497 1795 γὰρ
530 1753 670 1810 ζητεῖν,
684 1750 856 1807 Νέρωνι
882 1750 920 1786 εἰ

170 1798 295 1833 πιστοὶ
320 1798 522 1844 μενοῦμεν,
547 1795 622 1843 ἤδη
648 1795 697 1844 μὴ
725 1795 914 1844 μενόντων

169 1843 280 1881 ἐστίν.

218 1939 279 1976 78.
300 1944 332 1976 2.
352 1948 525 1986 responsa
537 1940 677 1987 vatum]
697 1938 830 1975 Ausser
850 1940 915 1975 der

168 1987 299 2023 weiter
329 1989 444 2023 unten
480 1987 682 2033 folgenden
718 1987 914 2023 Anekdote

168 2035 244 2080 vgl.
272 2046 302 2071 c.
330 2038 385 2071 14.
425 2035 525 2071 Suet.
552 2035 664 2081 Veep.
690 2037 722 2071 5.

214 2083 375 2118 siderum
397 2082 530 2129 motus]
567 2083 653 2118 dem
679 2083 791 2118 Sinne
816 2082 914 2118 nach

167 2141 195 2165 s.
214 2141 257 2212 8v
285 2141 318 2166 a..
343 2129 680 2166 Konstellationen.

239 2176 443 2213 .Seleucus
462 2178 567 2213 hatte
587 2177 702 2213 schon
723 2177 824 2212 Otho
841 2176 914 2212 mit

167 2180 312 2307 δείξει·
325 2224 447 2260 Kunst
482 2224 644 2270 gedient.
695 2223 781 2269 Vgl.
809 2223 910 2259 Suet.

212 2322 246 2354 4.
272 2319 580 2365 mathematicum]
612 2317 768 2362 s..zuI,
793 2321 850 2361 22,
876 2321 909 2353 5

165 2414 188 2449 h
208 2366 439 2449 Ρταιεεσὲαεηὸἐ
464 2367 572 2448 hstatt
621 2365 686 2430 des
729 2345 911 2411 vulgasren

189 2424 271 2449 ario
286 2425 348 2449 wm
441 2425 463 2449 a
491 2423 619 2459 reager
639 2442 647 2450 .

213 2464 246 2496 5.
278 2465 397 2498 vetera
427 2461 568 2508 omina]
605 2460 911 2496 Ausft'ihrlichere

166 2508 430 2555 Mitteilungen
448 2509 542 2544 iiber
561 2507 799 2554 dergleichen
818 2506 910 2544 Vor-

165 2556 431 2601 bedeutungen
455 2568 483 2593 s.
508 2556 571 2591 bei
597 2555 695 2592 Suet..
721 2555 833 2601 Vesp.
859 2559 892 2591 5.

215 2607 246 2640 7.
273 2604 404 2640 laetior
433 2604 588 2650 virebat]
627 2604 680 2639 im
720 2602 909 2638 Mediceus

165 2650 277 2686 latior
300 2652 451 2687 virebat.
491 2650 592 2687 Suet.
612 2662 690 2687 aa.
707 2649 749 2686 Ο.
776 2650 912 2686 drfickt

166 2698 245 2733 sich
271 2709 312 2734 so
338 2710 422 2734 aua.
447 2699 604 2734 viridior
623 2709 667 2734 ac
689 2698 831 2743 firmior
853 2709 911 2734 re

162 2747 334 2782 surrexit.
359 2745 449 2782 Man
460 2745 597 2782 miil'ste
609 2746 765 2782 lcmis=
780 2745 908 2780 ‘breit-

163 2791 284 2836 astig'
324 2790 578 2846 (ἀμφιλαφής)
614 2793 731 2829 durch
769 2793 910 2838 patulis

161 2840 276 2875 ramis
305 2841 461 2884 diffusa,
494 2839 565 2876 wie
598 2852 637 2876 es
667 2840 727 2876 bei
759 2839 835 2876 Cic.
863 2840 909 2875 de

163 2895 215 2922 or.
240 2886 257 2921 I
282 2889 302 2930 ς
321 2891 367 2923 28
386 2887 510 2933 bestat,
530 2887 711 2925 erklfiren.
743 2886 801 2923 Da.
819 2886 910 2923 aber

993 1086 1053 1123 die
1069 1086 1248 1133 Cypresse
1267 1087 1348 1123 ihre
1360 1078 1452 1124 Kste
1471 1088 1611 1134 gez-ade
1627 1087 1736 1124 nicht

991 1146 1038 1169 zu
1075 1135 1196 1170 einem
1233 1134 1368 1170 weiten
1404 1134 1609 1171 Laubdach
1652 1147 1737 1171 aus-

991 1181 1183 1218 zubreiten
1221 1182 1356 1227 pflegt‚
1399 1192 1441 1218 so
1477 1182 1547 1218 hat
1583 1181 1738 1218 'rx-iners

991 1229 1225 1275 Vermutung
1256 1230 1385 1265 laetior
1416 1230 1531 1265 etwas
1563 1230 1647 1265 sehr
1671 1241 1738 1266 an-

992 1276 1249 1322 spreehendes.
1294 1275 1379 1322 Vgl.
1406 1275 1506 1312 cart.
1530 1275 1593 1321 VI,
1616 1279 1671 1321 16,
1693 1280 1738 1312 14

991 1335 1148 1370 quarum
1191 1323 1395 1368 (arborum)
1438 1327 1576 1360 teneros
1618 1325 1739 1361 adluw

991 1382 1112 1408 ramos
1135 1382 1250 1407 manu
1273 1372 1439 1416 flectwnt,
1470 1381 1559 1417 quos
1581 1371 1738 1408 intortos

990 1430 1121 1454 rursus
1151 1420 1319 1454 inserunt
1348 1423 1487 1455 terrae:
1522 1419 1608 1455 inde
1638 1419 1737 1456 velut

990 1477 1034 1502 ex
1053 1467 1131 1502 alia
1149 1467 1274 1502 radice
1287 1466 1452 1503 laetiores
1463 1467 1583 1502 virent
1599 1467 1734 1503 tumet.

1039 1519 1072 1550 9.
1097 1514 1339 1559 triumphalia
1363 1526 1392 1549 s.
1418 1526 1462 1549 zu
1487 1525 1518 1550 c.
1545 1517 1602 1559 77,
1627 1517 1661 1550 4.

1037 1561 1260 1607 consulatus]
1288 1560 1508 1619 Vespasium
1540 1570 1618 1596 war
1653 1571 1736 1598 oon·

988 1609 1047 1644 aul
1071 1609 1242 1653 suffectus
1267 1610 1326 1643 fur
1352 1608 1412 1644 dle
1437 1608 1572 1644 beiden
1598 1609 1735 1645 letaten

988 1656 1140 1691 Monate
1165 1655 1199 1691 d.
1225 1656 1257 1691 J.
1277 1660 1321 1691 51
1342 1657 1450 1748 unte)r
1474 1655 1652 1693 claudius
1671 1667 1735 1703 ge-

988 1714 1112 1739 wesen
1131 1702 1246 1748 (Suet.
1261 1702 1362 1748 Vesp

1038 1754 1093 1841 if.
1117 1750 1327 1798 videbatur]
1337 1705 1453 1786 pflbgr
1477 1750 1550 1786 den
1575 1749 1677 1797 Sing.
1704 1763 1733 1787 e.

989 1810 1033 1833 zu
1111 1802 1169 1841 76,
1194 1801 1226 1833 9.

1038 1850 1093 1881 11.
1118 1826 1230 1892 in'ter]
1257 1835 1358 1880 Uber
1383 1843 1443 1880 die
1470 1844 1644 1891 Stellung
1667 1844 1733 1881 der

988 1892 1242 1938 zweisilbigen
1273 1893 1383 1937 Prap.
1420 1891 1603 1928 zwischen
1639 1891 1732 1928 zwei

986 1939 1267 1976 koordinierten
1292 1938 1556 1975 Substantiven
1573 1939 1649 1986 vgl.
1668 1938 1731 1985 111,

989 1992 1031 2023 19
1058 1988 1218 2024 cumulos
1240 1998 1349 2032 super
1381 1991 1414 2023 et
1443 1988 1603 2023 recentia
1626 1988 1733 2025 caede

986 2036 1158 2082 vestiqia;
1182 2034 1246 2078 IV,
1273 2038 1318 2070 77
1348 2036 1446 2070 viam
1469 2035 1566 2070 inter
1595 2034 1731 2071 Mosel-

987 2084 1126 2128 lamque
1150 2083 1295 2128 flumen.
1346 2080 1381 2117 S.
1410 2081 1606 2128 Dtaeger‚·
1624 2082 1731 2128 Synt.

1035 2157 1237 2223 Oar'mezus]
1274 2174 1348 2211 Der
1385 2175 1455 2210 mit
1494 2175 1579 2210 dem
1622 2175 1729 2212 Anti-

984 2224 1137 2260 libanon
1180 2221 1588 2268 zusammenhiingende
1630 2222 1731 2269 Berg

983 2270 1135 2307 Karmel
1168 2282 1215 2306 an
1248 2271 1313 2307 der
1339 2270 1481 2306 Greuze
1510 2281 1586 2306 von
1609 2270 1729 2306 Phoe·

983 2318 1066 2354 nice
1090 2318 1140 2354 ist
1163 2317 1246 2354 hier
1271 2319 1447 2364 gemeint.
1482 2316 1554 2352 Ein
1572 2318 1730 2354 andater

983 2365 1082 2411 Berg
1106 2365 1272 2412 gleiches
1290 2365 1455 2400 Namens
1478 2364 1571 2410 liegt
1595 2365 1728 2401 aufem

983 2424 1069 2449 vom
1088 2413 1306 2449 westlichen
1321 2413 1409 2448 Ufer
1427 2413 1493 2447 dee
1506 2412 1611 2447 tonan
1622 2411 1725 2447 Mee-

983 2473 1041 2496 res
1060 2461 1136 2496 und
1155 2461 1310 2506 gehorte
1330 2460 1414 2495 dem
1434 2460 1599 2495 stamme
1616 2459 1725 2495 Juda.

1033 2512 1088 2543 12
1113 2509 1166 2543 sie
1189 2508 1372 2543 tradidoee
1397 2507 1564 2553 maiores]
1600 2505 1727 2542 Dutch

984 2555 1085 2591 dieue
1127 2555 1353 2591 Parenthese
1396 2554 1467 2590 soll
1508 2555 1630 2589 einem
1671 2554 1725 2589 et-

984 2601 1638 2695 {vssffindigfiffisggffljznffiilsssseiaeg
1661 2600 1724 2683 gg

981 2696 1245 2743 urspriinglieh
1283 2696 1538 2731 vorhandenes
1573 2693 1723 2730 (ἰδιωτ-

984 2744 1062 2780 bild
1089 2744 1286 2779 abhanden
1311 2744 1533 2789 gekommen
1556 2742 1633 2776 und
1658 2741 1724 2777 det

982 2792 1135 2836 Tempel
1159 2802 1245 2827 vom
1265 2791 1463 2826 Erdboden
1486 2789 1722 2824 vemehwun-

981 2840 1053 2874 den
1089 2841 1206 2881 wiire,
1248 2838 1479 2884 vorgebeugt
1522 2837 1596 2872 und
1639 2846 1721 2871 aus-

980 2885 1174 2922 drucklich
1187 2885 1289 2921 diese
1299 2886 1384 2920 dem
1394 2884 1604 2920 romischen
1610 2883 1724 2919 Leser
