1820 3080
151 613 195 645 10

143 908 187 941 15

238 84 294 126 36

234 196 310 235 iam
342 198 495 248 pridem
530 207 690 242 ventum
723 211 800 258 est,
834 212 878 247 ut
909 221 982 250 nec
1008 224 1094 252 mea

762 96 924 134 TACITI
948 100 1287 153 HISTORIARUM

1121 222 1307 258 senectus
1334 222 1516 263 conferre
1542 223 1633 276 plus
1656 229 1805 281 populo

232 253 409 296 Romano
453 261 580 309 possit
624 274 741 314 quam
785 264 934 307 bonum
979 282 1251 315 successorem
1293 290 1366 318 nee
1406 286 1473 320 tua
1511 283 1601 334 plus
1632 286 1804 330 iuventa

183 320 204 351 5
232 325 347 364 quam
380 315 528 357 bonum
559 321 791 374 principem.
838 326 912 366 sub
939 327 1098 370 Tiberio
1130 338 1170 372 et
1202 334 1296 375 Gaio
1329 343 1369 378 et
1401 338 1562 382 Claudio
1593 345 1713 386 unius
1745 347 1798 387 fa·

227 372 356 412 miliae
390 378 502 427 quasi
533 377 733 421 hereditas
759 383 924 426 fuimus:
956 387 1042 428 loco
1069 390 1264 433 libertatis
1291 398 1384 450 erit,
1417 399 1522 450 quod
1548 400 1640 454 eligi
1665 408 1795 459 coepi-

224 443 332 484 mus,
377 439 416 473 et
460 436 568 476 finita
606 438 797 481 Iuliorum
835 443 1170 502 Claudiorumque
1210 453 1325 494 domo

1363 459 1557 508 optimum
1594 473 1793 517 quemque

223 489 381 542 adoptio
419 494 602 536 inveniet.
666 511 756 539 nam
794 508 976 553 generari
1014 513 1054 547 et
1090 512 1201 550 nasci
1238 525 1258 551 a
1289 515 1541 568 principibus
1585 520 1796 565 fortuitum

221 560 295 588 nec
327 550 430 591 ultra
462 557 710 598 aestimatur:
742 560 955 613 adoptandi
986 566 1177 608 iudicium
1209 572 1427 626 integrum,
1460 581 1500 616 et
1532 579 1565 617 si
1595 579 1693 621 velis
1723 582 1793 623 eli-

221 619 327 662 gere,
359 623 557 653 consensu
589 623 846 660 monstratur.
895 623 947 663 sit
977 630 1068 665 ante
1095 628 1231 669 oculos
1258 630 1374 684 Nero,
1407 646 1525 686 quem
1556 635 1672 691 longa
1697 640 1792 684 Cae·

219 678 353 708 sarum
391 672 495 711 serie
533 678 753 716 tumentem
785 691 865 719 non
897 681 1047 724 Vindex
1080 698 1170 726 cum
1209 690 1353 730 inermi
1383 695 1587 744 provincia
1618 703 1687 738 aut
1718 712 1792 753 ego

218 738 308 766 cum
342 741 417 768 una
451 730 617 787 legione,
650 735 718 775 sed
752 749 823 777 sua
848 740 1085 797 immanitas,

216 786 274 824 cis
319 787 578 845 depulerunt3
622 806 752 846 neque
796 804 881 838 erat
924 801 1054 842 adhue

214 855 287 884 nos
318 845 422 886 bello
455 854 495 889 et
526 851 574 890 ab
607 855 907 898 aestimantibus
938 860 1079 902 adsciti

213 905 373 945 erimus
418 920 467 947 ne
500 915 631 950 tamen
664 915 829 955 territus
860 917 995 972 fueris,
1028 923 1062 960 si

1118 758 1188 786 sua
1222 748 1377 789 luxuria
1405 753 1630 796 cervicibus
1659 758 1790 810 publi-

1097 804 1271 847 damnati
1313 811 1506 863 principis
1552 817 1787 869 exemplum.

1110 876 1201 904 cum
1239 868 1386 907 invidia
1424 873 1604 922 quamvis
1636 879 1787 929 egregii

1094 922 1193 963 duae
1226 925 1402 977 legiones
1427 930 1467 968 in
1494 929 1570 971 hoe
1595 938 1783 976 concussi

211 962 320 1003 orbis
352 971 462 1006 motu
495 969 671 1010 nondum
703 975 932 1024 quiescunt:
964 991 1013 1018 ne
1045 981 1131 1032 ipse
1164 984 1322 1035 quidem
1349 987 1398 1026 ad
1425 1000 1587 1030 securas
1619 1004 1685 1034 res
1718 1006 1781 1035 ae-

207 1111 322 1154 fuisse
351 1116 419 1151 sub
454 1117 627 1163 Pompeio
661 1121 851 1168 Brutoque
882 1136 956 1161 rem

203 1160 403 1203 publicam.

253 1209 367 1255 nunc]
395 1222 421 1246 s.
449 1223 493 1246 zu
519 1223 548 1247 e.
578 1216 632 1257 15,
659 1218 690 1250 5.

252 1258 284 1289 3.
311 1257 475 1300 conferre
502 1258 730 1305 ‘zuwenden‚
756 1263 910 1301 bieten'.

252 1306 281 1336 5.
301 1304 416 1339 unius
423 1305 608 1354 familiae]
617 1307 746 1354 Iuliae,
759 1310 798 1346 in
813 1313 952 1349 welche

201 1346 370 1386 Tiberius
406 1352 495 1396 und?
517 1354 596 1389 sein
630 1355 773 1392 Bruder
809 1358 951 1396 Drusus

201 1395 311 1431 nebst
345 1397 477 1434 dessen
509 1399 659 1437 Sohnen
690 1403 831 1441 Drusus
864 1407 950 1443 Ger-

199 1442 368 1479 manicus
394 1447 470 1481 und
490 1447 666 1484 Claudius
686 1451 802 1487 durch
821 1452 947 1500 Adop-

197 1487 280 1524 tion
303 1491 527 1535 gekommen
548 1506 688 1540 waren;
715 1498 851 1536 ebenso
872 1513 948 1537 war

198 1535 298 1572 Nero
323 1538 508 1576 Domitius
543 1553 616 1578 von
657 1544 798 1580 seinem
831 1547 943 1584 suef-

148 1619 150 1621 ,
195 1585 304 1619 vater
323 1584 500 1623 Claudius
523 1589 713 1635 adoptiert
737 1593 813 1629 und
840 1606 880 1630 so
905 1595 944 1630 in

195 1629 256 1665 die
269 1632 457 1669 niimliehe
471 1635 628 1672 Familie
642 1639 940 1684 aufgenommen.

194 1675 293 1714 Nero
318 1679 369 1715 ise
392 1681 499 1718 nieht,
517 1683 589 1719 mit
608 1685 835 1732 ausgeffihrt,
855 1689 941 1725 weil

195 1735 235 1759 er
258 1724 394 1763 keinen
421 1729 662 1768 Thronerben
690 1733 941 1772 hinterlassen

192 1770 310 1809 hatte.

241 1823 272 1856 6.
300 1821 391 1868 loeo]
421 1822 596 1861 ‘Ersatz'.

238 1867 325 1913 eliyi
342 1871 539 1919 coepimus]
555 1873 851 1921 naehklassisch,
868 1877 938 1914 wie

188 1911 251 1958 ΠΙ,
278 1918 324 1950 34
349 1918 467 1953 occidi
497 1930 648 1966 coepere.
700 1921 735 1957 S.
761 1921 937 1970 Draeger‚

190 1959 294 2006 Synt.
321 1966 340 2005 ἓ
366 1967 424 2009 26,
451 1965 484 2000 b.

236 2011 268 2045 8.
293 2013 464 2055 ,qenerari
487 2017 520 2048 et
544 2016 663 2062 nasei]
683 2016 839 2053 ‘Dasein
858 2019 935 2055 und

186 2054 312 2091 Leben
335 2069 380 2092 zu
407 2060 619 2096 verdanken
644 2063 795 2099 haben'.

234 2106 266 2138 9.
292 2115 357 2139 neo
373 2106 476 2141 ultra
487 2108 717 2156 aestimatur]
735 2110 843 2146 ‘iiber
856 2112 930 2148 die·

186 2158 252 2183 sen
275 2149 402 2186 Punkt
426 2152 559 2189 hinaus
584 2157 678 2200 geht
702 2158 762 2193 die
782 2158 932 2195 Wiirdi-

183 2206 288 2242 gung
319 2199 437 2244 (eigil.
470 2199 750 2249 Abschstzung)
788 2205 929 2241 nicht’.

183 2242 265 2278 Nur
275 2244 342 2279 das
351 2245 531 2283 Erbreoht
540 2249 686 2286 kommt
693 2251 732 2285 in
738 2251 928 2289 Betraoht.

229 2291 427 2339 integrum]
458 2294 583 2330 ‘steht
606 2296 646 2332 in
669 2298 780 2334 freier
804 2300 926 2346 Hand,

181 2335 231 2371 ist
261 2337 372 2383 frei'3
412 2341 487 2386 vgl.
514 2341 589 2378 cio.
616 2356 651 2390 p.
678 2345 758 2391 Lig.
787 2349 806 2389 ξ
835 2352 852 2382 1
886 2353 928 2384 ut

179 2383 221 2419 id
244 2384 426 2432 inteqrum
444 2388 613 2425 iam‘non
637 2396 732 2427 esset.
770 2393 838 2429 Bei
860 2395 927 2431 der

178 2430 371 2477 Adoption
389 2433 441 2470 ist
459 2434 519 2481 die
539 2436 824 2488 Entsoheidung
842 2442 922 2478 frei.

224 2479 260 2514 si
281 2480 385 2526 velis]
413 2494 438 2517 s.
466 2495 510 2518 zu
534 2494 565 2520 c,
594 2489 626 2528 1,
653 2489 684 2523 9.

228 2529 282 2562 11.
308 2530 515 2576 tumentem]
538 2531 810 2580 ‘ausgeblasen‚
830 2536 921 2572 (11111-

175 2571 359 2617 kelvoll’;
392 2575 466 2622 vgl.
492 2574 563 2621 111,
589 2583 634 2614 31
665 2579 920 2625 aspernantem

175 2622 435 2667 tumentemque
466 2624 629 2662 lacrimis
658 2628 843 2675 fatiqant‚·
876 2631 921 2676 ΙΙ,

176 2668 221 2700 30
233 2669 414 2705 tumidum
433 2682 478 2706 ae
496 2683 651 2717 vanum‚·
671 2685 702 2710 c.
717 2679 762 2711 80
782 2678 824 2712 in
841 2679 922 2724 ipso

173 2712 269 2748 nihil
298 2717 495 2761 tumidum,
526 2721 712 2767 adrogans
736 2753 743 2760 .
828 2726 920 2770 fuit;

172 2759 215 2799 A.
242 2759 305 2850 IV),
333 2766 376 2798 12
402 2766 560 2802 tumidos
590 2770 745 2814 spiritus
771 2772 918 2819 (Agrip-

171 2816 282 2850 pmae
301 2835 308 2841 .

218 2853 363 2902 inermi]
391 2867 418 2892 S.
444 2870 489 2894 zu
516 2871 545 2896 c.
575 2865 630 2907 11,
658 2867 712 2900 10.

1064 1133 1134 1166 12.
1161 1142 1242 1167 oum
1266 1144 1344 1169 una
1369 1135 1506 1181 legione
1543 1138 1607 1184 leq.
1618 1139 1681 1176 VI
1695 1141 1778 1180 Vie-

1029 1177 1118 1221 trix,
1144 1178 1204 1214 die
1229 1177 1268 1214 in
1293 1180 1475 1227 Hispania.
1524 1190 1778 1227 arraeonensis

1029 1224 1139 1259 stand
1172 1227 1247 1261 und
1280 1227 1402 1265 Galba
1436 1234 1558 1268 zuerst
1587 1246 1670 1270 zum
1701 1236 1775 1273 Im—

1027 1273 1177 1315 perator
1203 1275 1427 1319 ausgerufen
1452 1278 1560 1314 hatte
1585 1281 1644 1326 (V,
1666 1286 1739 1330 16).

1074 1320 1274 1356 cervicibus
1294 1324 1472 1370 publicis]
1496 1325 1598 1362 ‘vom
1618 1329 1775 1368 Naeken

1026 1363 1091 1400 des
1111 1365 1383 1406 Vaterlandes’.
1422 1372 1497 1408 Der
1519 1372 1648 1411 Plural
1671 1378 1775 1416 steht

1022 1411 1074 1446 im
1105 1414 1412 1459 uneigentliehen
1437 1419 1568 1465 sinae,
1598 1423 1668 1460 wie
1694 1423 1770 1462 cie.

1020 1458 1060 1493 in
1075 1458 1154 1495 Cat.
1170 1460 1223 1495 111
1236 1465 1255 1504 ἓ
1271 1466 1314 1498 17
1336 1475 1411 1500 non
1433 1466 1545 1509 facile
1567 1469 1664 1507 hanc
1687 1475 1771 1509 tan·

1019 1508 1094 1540 tam
1119 1509 1244 1543 molem
1270 1511 1360 1545 mali
1383 1523 1408 1546 a
1426 1515 1624 1552 cervicibus
1643 1521 1770 1556 vesu-is

1017 1553 1232 1597 depulissem
1238 1569 1252 1598 ,·
1294 1555 1372 1592 Liv.
1406 1559 1468 1603 IV,
1503 1564 1565 1606 12,
1599 1567 1621 1598 6
1657 1576 1769 1612 reqno

1010 1609 1128 1644 prope
1151 1603 1194 1636 in
1219 1604 1370 1640 cervices
1389 1611 1554 1652 aecepto;
1577 1609 1692 1657 XXII,
1708 1617 1767 1658 33,

1016 1650 1036 1681 6
1063 1647 1193 1683 bellum
1218 1651 1347 1695 inqens
1371 1653 1412 1687 in
1443 1656 1642 1694 cervicibus
1673 1664 1763 1698 erat.

1065 1697 1119 1731 14.
1159 1696 1263 1743 bello]
1303 1697 1532 1738 mildernder
1566 1705 1766 1744 Ausdruek

1015 1738 1155 1777 Galbas
1181 1743 1240 1778 fiir
1263 1747 1448 1784 seditione.

1061 1789 1106 1823 ab
1137 1791 1430 1841 aestimantibus]
1467 1795 1628 1844 ‘infulge
1661 1801 1764 1838 einer

1011 1834 1282 1883 Wiirdigung'.
1309 1839 1395 1885 vgl.
1414 1841 1504 1888 Agr.
1526 1847 1543 1878 1
1572 1846 1663 1882 adeo
1685 1849 1761 1884 vir—

1010 1885 1103 1917 tutes
1128 1884 1240 1919 isdem
1263 1889 1484 1932 temporibus
1501 1892 1635 1936 optime
1652 1897 1760 1932 aesti-

1009 1933 1170 1974 mantur,
1196 1933 1329 1976 quibus
1348 1935 1524 1978 facillime
1540 1940 1761 1985 qiynuniur.

1057 1978 1206 2026 adsciti]
1236 1979 1437 2028 ‘berufen’,
1462 1983 1533 2020 wie
1559 1997 1592 2022 c.
1617 1991 1674 2024 25.
1699 1993 1756 2026 29.

1008 2022 1054 2067 Π,
1080 2027 1126 2059 53
1152 2037 1186 2060 u.
1207 2030 1240 2062 δ.

1053 2081 1134 2106 oum
1144 2073 1307 2120 invidia]
1319 2074 1603 2121 ‘angefeindet'.
1624 2081 1755 2120 Cicero

1003 2118 1080 2151 und
1106 2118 1236 2154 Livius
1263 2131 1378 2166 sagen
1403 2124 1445 2158 in
1468 2125 1616 2162 invidia
1639 2139 1723 2165 esse.

1051 2167 1216 2209 quamvis
1252 2169 1402 2214 eyreyii]
1440 2170 1511 2207 wie
1545 2183 1574 2208 c.
1602 2177 1669 2221 26,
1697 2180 1753 2215 12.

1003 2213 1059 2254 38,
1087 2215 1119 2246 6.
1146 2213 1269 2249 Madv.
1296 2218 1316 2257 ξ
1342 2219 1411 2251 443
1437 2219 1547 2255 Anm.
1573 2220 1751 2268 Heraeus,

1000 2257 1066 2294 lat.
1094 2258 1265 2306 Sohulgr.
1292 2265 1311 2304 ξ
1335 2266 1415 2308 179,
1440 2268 1462 2299 3
1487 2266 1596 2302 Anm.
1633 2267 1749 2307 Deut-

1000 2304 1118 2340 licher
1143 2309 1242 2342 ware
1267 2312 1434 2353 quamvis
1457 2315 1593 2360 eyreyii
1623 2317 1748 2354 simus.

1049 2355 1103 2387 15.
1130 2350 1189 2400 si]
1206 2357 1303 2390 nach
1329 2356 1415 2392 dem
1436 2359 1655 2399 Ausdrueke
1681 2364 1747 2401 des

997 2397 1162 2445 Affekts‚
1196 2402 1266 2437 wie
1292 2404 1334 2438 A.
1361 2403 1394 2448 Ι,
1422 2409 1466 2441 11
1491 2408 1625 2452 quibus
1648 2422 1748 2450 unus

996 2450 1121 2490 metus,
1141 2449 1175 2483 si
1187 2449 1388 2496 intellegere
1399 2453 1629 2500 vider-cutum·
1646 2457 1745 2504 XVI,

997 2496 1018 2527 5
1049 2495 1183 2539 quibus
1214 2499 1363 2541 yravior
1395 2499 1517 2535 inerat
1546 2506 1676 2548 metus,
1710 2507 1746 2542 si

993 2543 1199 2585 spectaculo
1223 2544 1431 2587 defuissent.

1039 2589 1135 2624 duae
1169 2590 1339 2637 leyiones]
1369 2591 1423 2626 IV
1455 2593 1533 2628 und
1565 2595 1670 2634 XXII
1700 2599 1741 2636 111

996 2633 1311 2680 Obergermanien
1337 2640 1380 2681 (e.
1410 2642 1464 2674 12.
1493 2642 1563 2685 18).

1041 2684 1207 2718 concussi
1219 2684 1316 2719 orbis
1325 2689 1441 2722 motus
1450 2687 1462 2704 ‘
1468 2687 1737 2729 Welterschfit-

991 2729 1100 2763 ternu
1131 2729 1154 2764 ’.

1041 2740 1254 2812 16.{ewrw
1267 2778 1338 2825 res]
1351 2779 1595 2825 ‘sorgenfreie
1602 2784 1734 2831 Lage’,

990 2821 1024 2857 d.
1045 2822 1082 2857 11.
1102 2823 1198 2858 auch
1222 2824 1284 2859 ich
1307 2825 1406 2861 habe
1432 2826 1492 2863 die
1517 2829 1734 2880 Regierung

988 2868 1094 2905 nicht
1119 2871 1324 2916 sorgenfrei
1351 2876 1581 2920 angetreten.
