1820 3080
117 738 170 780 77

195 91 283 134 220

713 96 875 133 TACITI
899 97 1239 137 HISTORIARUM

193 210 277 244 arte
310 211 377 244 aut
408 207 607 245 exercitus
640 207 694 259 vi,
732 207 800 247 sed
838 221 1103 262 praepropera
1134 212 1260 263 ipsius
1291 212 1565 266 desperatione
1597 218 1758 272 victum,

122 271 166 303 25
193 264 271 302 iam
298 264 603 304 desiderabilem
635 271 675 305 et
699 279 885 319 magnum
910 270 1132 321 principem
1158 271 1270 324 fecit,
1302 285 1393 312 cum
1423 275 1582 315 interim
1607 278 1759 330 spargit

192 322 387 375 legiones,
420 330 596 364 exarmat
628 325 829 380 cohortes,
862 340 961 367 nova
993 329 1139 369 cotidie
1165 329 1268 370 bello
1295 333 1444 372 semina
1470 335 1678 377 ministrat.
1721 338 1756 376 si

192 381 286 434 quid
324 382 478 422 ardoris
516 396 561 423 ac
599 385 770 425 ferociae
807 387 921 427 miles
957 388 1111 442 hahuit,
1148 392 1305 442 popinis
1343 397 1383 431 et
1412 394 1758 435 comissationibus

191 446 231 480 et
260 442 455 494 principis
486 443 706 484 imitatione
738 446 951 487 deteritur:
982 447 1055 488 tibi
1087 461 1108 487 e
1140 449 1283 489 Iudaea
1315 456 1355 491 et
1381 450 1495 492 Suria
1521 458 1562 493 et
1579 453 1756 507 Aegypto

189 512 331 540 novem
363 501 538 553 legiones
569 504 764 557 integrae,
802 505 908 545 nulla
940 509 1023 547 acie
1061 508 1293 563 exhaustae,
1330 522 1410 550 non
1441 511 1638 553 discordia
1669 525 1756 554 cor·

119 568 165 600 30
189 565 349 614 ruptae,
387 561 455 600 sed
487 562 666 603 firmatus
698 577 773 604 usu
810 565 924 605 miles
963 572 1002 606 et
1033 566 1126 606 belli
1157 568 1328 609 domitor
1359 572 1532 625 externi3
1570 571 1756 613 classium

189 619 340 659 alarum
382 620 606 662 cohortium
650 623 793 663 robora
839 630 879 665 et
921 625 1103 666 fidissimi
1145 640 1261 680 reges
1305 634 1345 669 et
1388 635 1455 670 tua
1497 636 1588 671 ante
1625 634 1754 673 omnis

188 678 461 731 experientia.'

307 736 443 779 ‘Nobis
475 740 573 780 nihil
605 741 709 781 ultra
740 743 957 796 adrogabo,
994 757 1110 797 quam
1148 758 1197 786 ne
1228 755 1319 799 post
1350 747 1552 789 Valentem
1590 756 1630 790 et
1659 750 1753 791 Cae-

186 799 315 837 cinam
358 811 633 841 numeremur:
676 814 726 842 ne
770 808 903 843 tamen
939 803 1165 844 Mucianum
1202 808 1356 846 socium
1399 810 1616 862 spreveris,
1660 811 1753 862 quia

186 857 384 898 aemulum
416 871 495 898 non
527 862 733 912 experiris.
783 874 845 902 me
870 861 1027 903 Vitellio
1053 869 1261 919 antepono,
1291 871 1330 906 te
1356 867 1464 907 mihi.
1501 872 1592 908 tuae
1616 868 1754 910 domui

185 917 424 970 triumphale
456 931 613 973 nomen,
645 921 724 960 duo
756 922 930 971 iuvenes,
963 935 1085 975 capax
1115 925 1193 964 iam
1223 926 1381 978 imperii
1411 926 1512 967 alter
1542 932 1583 967 et
1612 929 1754 980 primis

137 985 157 1018 5
185 976 348 1016 militiae
386 980 499 1018 annis
540 979 643 1031 apud
681 980 936 1033 Germanicos
980 995 1139 1035 quoque
1177 986 1375 1025 exercitus
1412 986 1556 1028 clarus.
1615 987 1753 1028 absur-

184 1035 278 1075 dum
310 1036 430 1076 fuerit
460 1050 540 1077 non
572 1039 714 1079 cedere
746 1041 914 1092 imperio
946 1043 1000 1095 ei,
1031 1044 1147 1083 cuius
1172 1044 1296 1084 filium
1323 1045 1582 1097 adoptaturus
1610 1059 1752 1101 essem,

184 1096 219 1134 si
249 1096 335 1147 ipse
367 1098 616 1148 imperarem.

678 1104 857 1139 ceterum
887 1102 992 1140 inter
1023 1114 1096 1142 nos
1127 1115 1207 1142 non
1238 1103 1344 1143 idem
1373 1117 1656 1157 prosperarum
1685 1107 1751 1147 ad-

182 1166 466 1208 versarumque
507 1169 644 1197 rerum
676 1159 773 1198 ordo
806 1161 899 1213 erit3
936 1173 1027 1200 nam
1065 1163 1100 1201 si
1130 1163 1344 1215 vincimus,
1381 1163 1589 1218 honorem,
1630 1177 1748 1218 quem

183 1214 358 1267 dederis,
390 1215 563 1257 habebo:
599 1217 813 1258 discrimen
844 1231 889 1259 ac
921 1220 1097 1271 pericula
1128 1233 1176 1260 ex
1208 1233 1333 1273 aequo
1365 1224 1574 1274 patiemur.
1617 1225 1751 1278 immo,

230 1319 287 1352 25.
314 1328 395 1353 eum
419 1318 581 1365 interim]
609 1332 634 1355 s.
661 1332 706 1356 zu
729 1321 757 1365 I,
785 1325 841 1366 60,
868 1325 900 1358 6.

230 1365 406 1411 cohortes]
422 1367 640 1413 ,praetorias
666 1369 711 1411 (c.
739 1369 810 1413 67).

229 1415 285 1449 26.
311 1413 451 1448 semina
472 1413 711 1461 ‘Elemente’,
730 1416 802 1452 wie
820 1416 851 1460 I,
873 1420 929 1461 53,

182 1458 614 1506 7.sV‚18,21.80,2.

226 1507 367 1549 ferocia
384 1507 424 1542 in
444 1508 565 1544 seiner
584 1508 930 1557 Grundbedeutung

182 1553 427 1599 ‘physischer,
435 1556 671 1599 roherMuth‚
682 1557 926 1603 Kampflnst'.

228 1605 285 1637 27.
307 1603 493 1647 principis
502 1605 724 1651 imitatione]
744 1606 819 1651 vgl.
832 1617 861 1641 c.
878 1610 923 1642 68

171 1649 330 1694 perinde
360 1651 461 1685 miles
494 1652 656 1687 intentus
687 1656 753 1687 aut
778 1654 924 1689 licenter

178 1697 266 1742 ayit.
299 1698 401 1742 apud
437 1697 623 1734 Vitellium
654 1701 778 1736 omnia
807 1701 923 1737 indis-

171 1745 299 1789 posita
353 1746 566 1790 temulenta,
617 1748 827 1792 perviyiliis
880 1760 925 1784 ac

178 1791 462 1828 bacchanalibus
497 1805 607 1839 quam
643 1795 861 1840 disciplinae
892 1800 925 1833 et

177 1840 310 1875 castris
328 1841 519 1884 propiora.

225 1889 282 1922 28.
308 1898 432 1923 novem
457 1889 625 1937 legiones]
658 1893 681 1924 4
713 1889 753 1925 in
785 1890 925 1937 Syrien,

176 1937 198 1968 3
224 1934 263 1969 in
291 1934 427 1979 Judaa„
463 1940 483 1971 2
509 1935 549 1971 in
573 1938 759 1982 Agypten.
812 1938 847 1975 S.
881 1951 925 1974 zu

176 1981 656 2029 1‚10,1.1o‚11.11‚1.

224 2033 280 2064 29.
307 2030 504 2067 exhaustus
532 2031 759 2077 ‘gelichtet'.

223 2077 427 2125 discordia]
454 2089 482 2115 ε.
509 2091 553 2114 zu
577 2080 605 2124 I,
632 2083 690 2124 53,
717 2084 748 2115 7.

224 2127 279 2159 30.
307 2125 461 2172 externi]
484 2126 518 2161 d.
532 2126 555 2161 i.
577 2126 719 2163 Iudaici
738 2128 783 2172 (c.
799 2131 833 2173 4,
851 2129 921 2173 10).

224 2172 412 2219 classium]
439 2185 538 2219 s.xzn
564 2186 593 2210 c.
620 2179 653 2218 4,
682 2178 737 2210 18.

222 2221 280 2254 31.
306 2222 391 2254 ante
415 2221 548 2266 omnis]
584 2222 618 2255 d.
650 2221 674 2256 i.
701 2233 777 2266 qua
802 2222 922 2258 omnis

174 2263 274 2300 viros
293 2264 468 2302 militaris
486 2268 617 2304 anteis.
651 2268 736 2314 Vgl.
756 2269 835 2305 Liv.
856 2269 921 2312 III,

175 2314 220 2347 58
241 2316 325 2348 ante
343 2324 462 2349 omnes
479 2315 611 2358 fratris
636 2316 708 2359 filii
731 2317 922 2361 superbiae

173 2359 348 2403 infestus;
372 2360 505 2405 XXIII,
531 2367 589 2406 41,
617 2367 648 2399 1.
673 2362 786 2407 XXX,
809 2368 865 2407 12,
887 2368 919 2400 1.

173 2406 220 2442 H.
246 2406 309 2452 IV,
335 2411 380 2444 55
413 2409 599 2446 Classicus
628 2411 819 2446 nobilitate
842 2413 919 2456 opi-

174 2454 309 2500 busque
321 2459 406 2491 ante
419 2457 531 2501 alios‚·
547 2457 592 2502 V,
609 2462 652 2493 12
660 2460 811 2504 proprii
822 2460 921 2494 muri

174 2501 296 2538 labore
319 2507 354 2538 et
377 2514 488 2555 oper-,a
514 2508 599 2541 ante
623 2506 736 2549 alios;
761 2508 805 2542 A.
825 2506 852 2549 1,
874 2510 918 2541 27

172 2549 206 2584 is
230 2554 314 2586 ante
339 2551 432 2587 alios
457 2556 572 2588 aetate
605 2557 639 2589 et
668 2554 789 2598 yloria
817 2554 920 2597 belh}

172 2595 251 2632 Liv.
278 2597 323 2641 V,
350 2601 413 2643 25,
442 2602 484 2634 11
518 2601 699 2636 incitatur
723 2602 919 2637 multitudo

259 2671 266 2679 .
300 2649 386 2680 ante
422 2647 515 2682 alios
550 2648 593 2683 in
632 2647 835 2684 Camillum.
873 2669 918 2674 --

172 2689 335 2727 Hiermit
352 2692 498 2734 kommt
516 2694 565 2729 M.
582 2694 650 2730 auf
665 2696 767 2731 seine
786 2696 918 2741 eigene

171 2737 311 2774 Person
345 2752 390 2775 zu
426 2742 607 2786 sprechen
638 2743 715 2778 und
738 2743 842 2778 ffihrt
865 2743 918 2778 im

171 2784 373 2829 folgenden
410 2788 482 2824 den
526 2789 682 2825 zweiten
725 2790 808 2826 Teil
852 2790 919 2825 der

170 2830 382 2879 Erwagung
396 2835 488 2880 (ipse
500 2837 565 2881 qui
581 2838 712 2872 suadet
725 2839 811 2883 etc.)
829 2837 918 2872 wei-

170 2878 229 2914 ter
246 2890 326 2926 aus,
352 2881 484 2918 dessen
511 2882 617 2919 beide
636 2884 782 2920 Punkte
801 2884 918 2928 nicht,

1004 1322 1074 1358 wie
1111 1322 1212 1358 beim
1244 1324 1378 1368 ersten,
1414 1324 1617 1371 gesondert
1651 1327 1748 1363 nach

1004 1370 1199 1415 einander,
1235 1371 1396 1407 sondern
1426 1372 1498 1408 mit
1527 1373 1604 1409 und
1627 1374 1749 1411 neben

1002 1417 1181 1453 einander
1205 1417 1410 1455 behandelt
1432 1419 1593 1458 werden.

1051 1536 1113 1573 77.
1159 1540 1190 1573 1.
1235 1537 1414 1583 adroyare
1459 1537 1514 1574 ‘in
1548 1538 1747 1586 Anspruch

1001 1583 1188 1627 nehmen',
1215 1584 1285 1620 wie
1312 1585 1340 1628 I,
1367 1589 1425 1629 30,
1453 1589 1484 1621 1.

1042 1640 1075 1673 4.
1119 1637 1359 1685 triumphale]
1405 1639 1522 1675 Unter
1564 1638 1741 1677 claudius

996 1684 1103 1720 hatte
1142 1684 1351 1730 Vespasian
1385 1697 1518 1732 wegen
1560 1686 1627 1723 der
1668 1698 1742 1724 von

995 1731 1075 1768 ihm
1107 1742 1155 1767 an
1189 1732 1256 1767 der
1287 1731 1413 1777 Spitze
1445 1734 1512 1769 der
1539 1737 1572 1772 2.
1598 1734 1743 1780 Legion

995 1778 1047 1813 im
1071 1778 1105 1814 J.
1125 1783 1171 1815 43
1197 1779 1237 1814 in
1254 1779 1473 1816 Britannien
1494 1780 1744 1818 verriehtoten

997 1826 1144 1862 Thai-,en
1175 1826 1237 1862 die
1266 1826 1744 1873 Triumph-Ehrenzeichen

999 1874 1178 1910 erhalten.
1205 1873 1290 1920 Vgl.
1310 1874 1374 1919 III,
1391 1878 1447 1910 44.
1475 1875 1575 1912 Suet.
1591 1875 1742 1922 Vesp.4.

1046 1930 1078 1962 5.
1104 1928 1206 1973 apud
1226 1927 1462 1964 Germanicos
1485 1939 1623 1975 quoque
1641 1939 1742 1965 exer-

997 1974 1106 2020 citus]
1152 1974 1258 2011 Titus
1300 1975 1409 2011 hatte
1451 1977 1560 2012 unte:
1602 1976 1743 2012 seinem

996 2021 1124 2066 Vater,
1144 2022 1229 2058 dem
1249 2022 1464 2069 damaligen
1475 2023 1744 2078 Legionslega-

994 2071 1070 2113 ten,
1095 2069 1135 2104 in
1156 2069 1379 2106 Germanien
1403 2071 1460 2106 als
1482 2070 1743 2116 Knegstribun

995 2116 1065 2151 mit
1072 2116 1195 2152 Ehren
1207 2117 1371 2162 gedient.
1397 2117 1483 2163 Vgl.
1502 2118 1603 2154 Suet.
1617 2117 1691 2155 Tit.
1704 2123 1738 2162 4.

1043 2164 1245 2199 absurdum
1267 2165 1398 2211 fuerit]
1425 2176 1453 2200 s.
1479 2176 1524 2200 zu
1548 2176 1579 2201 c.
1607 2169 1663 2211 76,
1685 2169 1740 2203 11.

1043 2221 1075 2252 6.
1108 2218 1228 2253 cedere
1263 2219 1418 2263 imperio
1456 2217 1504 2264 ei]
1552 2218 1635 2253 ‘auf
1667 2218 1740 2254 den

994 2262 1118 2299 Thron
1153 2277 1196 2299 zu
1221 2264 1354 2300 dessen
1379 2265 1547 2301 Gunsten
1578 2265 1739 2301 venich-

992 2311 1085 2347 ten'.
1136 2311 1184 2347 So
1211 2312 1286 2348 Cic.
1312 2324 1347 2357 p.
1372 2311 1451 2349 Mil.
1478 2316 1498 2355 5
1525 2315 1569 2348 75
1593 2313 1739 2358 utrique

991 2362 1139 2395 mortem
1164 2363 1216 2395 est
1239 2360 1444 2403 minitatus,
1467 2361 1545 2395 nisi
1564 2360 1638 2396 sibi
1655 2361 1738 2396 hor·

992 2409 1112 2441 torum
1148 2408 1372 2452 possessione
1419 2408 1620 2451 cessissent,
1660 2407 1739 2443 und

994 2453 1091 2489 oster
1114 2454 1176 2490 bei
1200 2453 1338 2490 Livius.
1389 2453 1495 2490 Ohne
1527 2454 1643 2490 Dativ
1673 2455 1739 2490 der

992 2500 1131 2536 Person
1148 2501 1212 2546 III,
1233 2505 1278 2538 78
1297 2513 1462 2538 cessurus
1478 2502 1631 2547 imperio
1642 2502 1739 2538 vide-

993 2549 1112 2585 batum

1039 2599 1072 2631 8.
1098 2596 1186 2631 ordo
1214 2595 1473 2632 ‘Verhisstnis'.
1524 2596 1625 2632 stati
1653 2597 1734 2632 vin-

991 2643 1106 2678 cimus
1131 2643 1241 2679 sollte
1266 2655 1352 2679 man
1370 2644 1505 2679 mitten
1522 2646 1632 2679 anter
1654 2643 1734 2679 lan·

990 2690 1048 2725 ter
1066 2689 1229 2725 Futuren
1243 2691 1425 2726 vincemus
1439 2692 1638 2726 erwarten:
1657 2690 1732 2736 vgl.

986 2736 1126 2783 jedoch
1151 2736 1240 2772 Sall.
1268 2737 1347 2773 Cat„
1374 2742 1431 2782 58,
1451 2743 1471 2773 9
1490 2738 1525 2773 si
1541 2738 1733 2782 vincimus,

990 2785 1114 2820 omnia
1130 2785 1235 2820 nobis
1248 2788 1330 2820 tuta
1341 2788 1449 2820 erunt
1461 2785 1531 2820 etc.
1556 2783 1733 2820 Weissen-

989 2831 1084 2867 born
1107 2843 1152 2866 zu
1175 2831 1254 2867 Liv.
1280 2831 1376 2875 XXI,
1401 2835 1460 2875 41,
1488 2836 1542 2868 14.

1038 2888 1070 2920 9.
1097 2885 1292 2920 discrimen
1316 2896 1359 2922 ac
1371 2885 1541 2931 pericula
1566 2885 1635 2920 wie
1655 2884 1731 2921 cic.
