1820 3080
117 481 172 523 72

190 73 275 116 108

712 76 877 113 TACITI
901 76 1239 115 HISTORIARUM

189 185 259 226 sed
291 186 386 226 deos
418 192 541 226 testes
566 193 726 227 mutuae
758 188 1093 229 reconciliationis
1124 189 1333 244 adhibens,
1365 193 1498 232 statim
1527 193 1634 233 inter
1663 195 1754 235 inti·

118 254 162 286 1ο
189 257 273 285 mos
306 246 453 285 amicos
489 245 627 286 habuit
664 252 704 286 et
746 259 837 287 mox
875 247 977 287 bello
1015 250 1121 289 inter
1164 249 1286 290 duces
1323 250 1485 305 delegit,
1528 254 1752 306 mansitque

188 303 301 344 Celso
334 305 441 345 velut
466 305 637 345 fataliter
662 307 781 346 etiam
806 319 879 359 pro
906 307 1061 347 Othone
1087 308 1186 348 fides
1211 311 1364 362 integra
1390 316 1430 350 et
1459 310 1609 352 infelix.
1650 311 1753 353 laeta

186 363 429 415 primoribus
458 366 641 418 civitatis,
667 365 863 406 celebrata
888 368 929 406 in
953 367 1093 420 vulgus
1114 367 1217 408 Celsi
1242 369 1348 409 salus
1373 382 1424 409 ne
1448 370 1641 411 militibus
1667 373 1754 425 qui-

187 422 276 462 dem
308 425 462 475 ingrata
493 424 586 478 fuit,
619 426 783 465 eandem
815 428 1005 466 virtutem
1036 424 1342 481 admirantibus,
1373 430 1439 469 cui
1468 429 1754 472 irascebantur.

304 482 382 522 Par
411 484 504 523 inde
536 484 745 524 exsultatio
783 486 1009 538 disparibus
1046 488 1176 526 causis
1208 494 1422 528 consecuta
1460 490 1658 542 inpetrato
1689 489 1754 530 Ti·

186 541 321 593 gellini
351 544 483 583 exitio.
538 543 763 595 Sophonius
789 544 1007 597 Tigellinus
1041 546 1222 586 obscuris
1242 547 1493 601 parentibus,
1519 548 1633 589 foeda
1657 561 1753 602 pue-

184 602 293 654 ritia,
337 602 524 654 inpudica
562 609 721 643 senecta
759 605 1049 656 praefecturam
1092 606 1253 658 vigilum
1291 612 1331 647 et
1369 609 1561 660 praetorii
1601 614 1642 649 et
1677 608 1752 649 alia

185 662 361 712 praemia
379 663 586 716 virtutum,
608 664 699 715 quia
719 663 895 704 velocius
915 670 1011 718 erat,
1030 666 1136 705 vitiis
1156 666 1334 720 adeptus,
1354 679 1445 707 mox
1465 667 1753 722 crudelitatem,

184 775 282 811 ultro
306 775 383 822 vgl.
403 788 447 811 zu
467 787 498 812 c.
520 781 552 822 7,
571 781 610 823 83
636 777 729 814 iiber
753 779 935 824 imputare

184 834 228 857 zu
249 834 279 859 ο.
301 826 357 868 38,
379 827 412 860 9.

231 881 297 906 nec
318 870 409 906 Otho
433 872 541 916 quasi
565 873 777 920 iqnosceret]
793 884 842 910 sc.
862 873 932 909 cri·

183 917 294 953 minis
320 929 394 954 reo.
440 917 539 954 Otho
566 920 634 955 sah
659 919 697 955 in
723 920 790 956 der
812 921 931 956 Treue

183 965 248 1001 des
259 965 386 1002 Celsus
395 977 517 1012 gegen
529 965 649 1003 Galba
659 967 767 1003 keine
779 968 930 1014 Schuld,

184 1012 245 1048 die
281 1024 321 1048 er
353 1026 399 1048 zu
433 1014 630 1050 verzeihen
664 1015 782 1050 hatte.
831 1007 931 1051 'Uber

183 1060 257 1095 den
293 1059 491 1097 Gebrauch
535 1062 602 1097 der
641 1061 812 1099 Partikel
853 1074 930 1108 nec,

183 1107 418 1154 demzufolge
456 1109 516 1144 die
562 1110 670 1146 darin
715 1111 930 1146 euthaltene

182 1155 372 1201 Negation
398 1158 498 1201 (non)
523 1156 629 1192 nicht
647 1169 731 1193 zum
750 1157 932 1194 Pradikat

183 1203 248 1238 des
282 1202 530 1249 Hauptsatzes
563 1205 735 1250 (habuit),
771 1205 932 1241 sondern

181 1262 266 1285 zum
297 1251 533 1288 Nebensatze
566 1253 688 1298 (quasi
717 1254 930 1298 iynosceret)

179 1298 334 1345 gemiti,
364 1299 440 1344 vgl.
460 1299 524 1343 IV,
546 1303 589 1335 16
614 1311 680 1336 nec
704 1301 771 1337 diu
796 1304 930 1336 certato

184 1345 419 1391 Tunyrorum
438 1347 563 1383 cohors
580 1348 690 1394 siqna
710 1349 760 1384 ad
780 1348 930 1384 Civilem

181 1394 394 1436 transtulit;
426 1405 456 1430 c.
481 1398 526 1430 36
556 1406 622 1431 nec
646 1397 714 1431 diu
738 1399 930 1431 cunctatus

180 1440 418 1477 Hordeonius
430 1470 438 1477 .
454 1470 462 1478 .
478 1470 486 1478 .
501 1443 602 1478 dedit
608 1456 622 1485 ;
654 1443 698 1480 A.
718 1442 797 1488 XII,
820 1447 839 1479 7
865 1454 930 1480 nec

183 1486 363 1524 Claudius
403 1489 506 1525 ultra
553 1493 754 1535 exspectato
803 1491 929 1526 obvius

181 1536 284 1580 apud
306 1536 429 1579 forum
449 1537 600 1581 praebet
620 1548 656 1573 se
673 1539 928 1584 9ratantibus;

180 1582 226 1618 Η.
239 1582 269 1628 Ι,
283 1586 330 1618 34
348 1594 413 1619 nec
431 1584 575 1620 diutius
594 1585 716 1620 Galba
736 1589 928 1622 cunctatus

141 1657 145 1661 .
179 1631 401 1675 speciosiora
423 1633 663 1668 suadentibus
687 1634 835 1668 accessit
841 1646 855 1676 ;
880 1632 927 1678 II,

181 1681 226 1713 63
240 1689 305 1714 nec
318 1679 407 1714 ullis
425 1682 611 1715 tantorum
630 1681 826 1716 criminum
839 1692 927 1726 pro-

180 1725 390 1762 bationibus
426 1727 469 1762 in
502 1728 768 1772 paenitentiam
804 1739 927 1764 versus

116 1810 121 1817 ,
179 1783 298 1809 seram
315 1774 459 1809 veniam
477 1778 563 1820 post
580 1776 694 1810 scelus
712 1776 926 1821 quaerebat;

179 1819 249 1865 III,
283 1824 304 1856 5
341 1832 405 1857 nec
441 1822 499 1857 his
535 1826 602 1858 aut
637 1823 713 1858 illis
744 1823 926 1868 proelium

180 1869 443 1914 temptantibus
467 1870 620 1913 fortuna
648 1872 814 1915 partium
838 1871 930 1907 alibi

181 1918 371 1952 transacta
377 1930 391 1959 ;
412 1917 458 1952 A.
470 1916 568 1962 XIV,
583 1921 628 1954 58
647 1929 712 1953 nec
731 1919 862 1954 milites
879 1919 930 1954 ad

179 1964 295 1999 scelus
330 1965 457 2000 missos
494 1969 560 2000 aut
596 1976 746 2001 numero
789 1966 930 2002 validos

180 2014 247 2047 aut
260 2011 384 2047 animo
397 2016 598 2058 promptos,
618 2017 813 2058 postquam
826 2014 930 2049 iussa

180 2058 319 2103 efficere
342 2060 590 2105 nequiverint,
625 2061 674 2096 ad
705 2071 784 2105 spes
815 2071 929 2096 novas

179 2106 365 2142 transisse.
393 2106 428 2141 S.
449 2106 573 2144 Madv.
594 2111 614 2150 ἓ
634 2110 704 2142 458
723 2107 830 2142 Anm.
851 2111 884 2142 2.

228 2156 261 2188 9.
294 2154 378 2188 deos
407 2156 510 2189 testes
541 2158 688 2190 mutuae
717 2155 930 2190 reconcilia-

179 2199 293 2236 tionis
325 2201 515 2247 adhibens]
548 2200 646 2237 Otho
677 2201 769 2247 ging
800 2201 840 2236 in
865 2201 931 2237 der

179 2245 289 2283 Rolle
303 2247 367 2283 des
382 2247 662 2294 Grossmfitigen
678 2260 720 2284 so
733 2248 832 2293 weit,
846 2248 929 2284 dass

181 2304 222 2329 er
239 2305 310 2329 nur
323 2294 406 2331 eine
428 2295 686 2341 gegenseitige
693 2295 928 2332 Wiederaus-

181 2341 355 2388 sohnung
385 2342 787 2388 Gleichberechtigter‚
824 2344 931 2379 nieht

180 2389 264 2425 eine
300 2388 498 2435 einseitige
530 2390 766 2436 Verzeihung
801 2391 928 2436 gelten

181 2436 267 2472 liess
286 2437 362 2472 und
380 2448 444 2472 zur
462 2437 678 2474 feierlichen
696 2437 930 2484 Bekundung

183 2484 317 2520 dessen
342 2484 403 2520 die
421 2483 553 2521 Gette'r
570 2497 615 2520 zu
635 2486 784 2531 Zeugen
801 2486 927 2521 nahm.

183 2531 233 2568 So
264 2531 379 2567 heisst
409 2543 448 2568 es
471 2532 515 2569 A.
535 2532 616 2580 XV,
635 2537 680 2568 23
711 2544 784 2568 von
815 2532 927 2577 Nero,

181 2579 247 2615 der
265 2579 336 2614 mit
354 2579 477 2616 seiner
493 2579 609 2616 Milde
629 2579 749 2627 gegen
766 2580 929 2616 Thrasea

179 2626 338 2672 prahlen
362 2627 506 2663 wollte:
533 2631 693 2664 secutum
717 2628 846 2664 dehinc
869 2639 927 2664 vo-

181 2684 254 2709 cem
274 2674 443 2711 Caesaris
460 2675 597 2719 ferunt,
621 2687 696 2721 qua
713 2676 926 2712 reconcilia-

153 2726 157 2731 '
180 2723 258 2756 tum
269 2732 306 2756 se
322 2721 500 2758 Thraseae
513 2724 615 2769 apud
627 2723 800 2759 Senecam
809 2724 927 2761 iacta—

181 2769 283 2804 verit.
333 2769 386 2804 Zu
419 2770 502 2806 deos
526 2774 628 2806 testes
651 2771 826 2806 adhibens
849 2770 926 2816 vgl.

179 2815 226 2851 Η.
250 2814 313 2858 IV,
339 2819 384 2851 41
423 2817 506 2853 deos
541 2821 644 2853 testes
680 2818 928 2860 advocabant;

179 2863 224 2900 A.
243 2861 323 2907 XII,
343 2866 389 2898 47
421 2867 463 2900 ut
493 2865 550 2900 dis
580 2865 729 2901 testibus
753 2876 835 2911 pax
864 2865 927 2909 fir-

1005 782 1176 815 maretur.
1226 781 1317 816 Zum
1343 780 1433 817 Gen.
1459 785 1607 818 mutuae
1630 793 1753 820 recon-

1006 827 1207 863 ciliationis
1237 827 1313 873 vgl.
1338 827 1417 864 Liv.
1443 828 1592 874 XXXV,
1618 833 1681 875 31,
1708 833 1753 866 13

1005 875 1088 910 deos
1122 878 1224 911 testes
1259 876 1402 921 inqrati
1438 887 1483 912 ac
1511 877 1754 922 perfidissimi

1004 923 1123 958 animi
1130 923 1179 957 M
1178 927 1347 968 aqnetum
1359 924 1544 960 invocavit
1549 937 1564 967 ‚·
1581 923 1752 969 XXXIX,

1004 972 1061 1014 51,
1083 973 1127 1005 12
1147 970 1230 1006 deos
1247 971 1404 1006 violatae
1423 971 1469 1007 ab
1488 982 1528 1008 eo
1545 971 1633 1016 fidei
1647 975 1752 1009 testes

1002 1018 1178 1053 invocans
1184 1030 1199 1060 ,·
1222 1017 1391 1062 XXVIII,
1410 1022 1468 1064 44,
1489 1022 1511 1055 ’1
1530 1019 1572 1056 di
1594 1019 1752 1064 foederis

1003 1065 1049 1100 ab
1073 1065 1170 1101 hoste
1193 1066 1323 1101 violati
1346 1069 1459 1102 testes.

1054 1115 1108 1147 10.
1139 1103 1240 1148 Uber
1271 1113 1343 1148 den
1368 1113 1452 1149 Dat.
1481 1114 1570 1150 belzo
1594 1125 1622 1149 s.
1647 1125 1692 1150 zu
1717 1125 1749 1150 0.

1054 1210 1107 1242 11.
1134 1207 1296 1254 inteyra]
1319 1207 1658 1255 ‘unverbn‘ichlich‚
1683 1220 1748 1245 un-

1004 1254 1252 1290 wandelbar’.

1049 1302 1198 1348 infelioe]
1214 1301 1342 1338 Celsus
1361 1302 1499 1338 musste
1518 1303 1615 1339 nach
1629 1302 1750 1340 Othos

1004 1348 1109 1384 Sturz
1143 1349 1220 1384 und
1251 1349 1333 1385 Tod
1367 1349 1428 1385 die
1462 1349 1654 1387 Grofsmut
1683 1350 1749 1387 des

1002 1395 1179 1432 Vitellius
1205 1397 1359 1433 anrufen
1384 1397 1445 1443 (ΙΙ,
1471 1399 1543 1443 60).

1051 1447 1106 1481 12.
1138 1445 1181 1479 in
1205 1445 1352 1492 vulqus]
1385 1446 1445 1480 fiir
1475 1445 1580 1491 apud
1609 1446 1751 1492 vulqus,

1001 1491 1072 1526 wie
1098 1492 1142 1536 A,
1167 1491 1196 1534 I,
1216 1495 1262 1526 28
1286 1493 1387 1537 qrati
1410 1493 1453 1528 in
1475 1493 1627 1539 vulqus;
1652 1505 1683 1529 c.
1703 1497 1750 1530 ‘16

999 1538 1042 1573 in
1073 1539 1204 1584 vulqus
1232 1540 1508 1582 formidolosum
1514 1553 1530 1583 ;
1558 1539 1611 1585 H,
1636 1543 1683 1576 69
1707 1541 1751 1576 in

998 1586 1129 1631 vulqus
1145 1589 1276 1631 qrata5
1299 1586 1363 1631 VI,
1375 1589 1423 1622 45
1442 1590 1547 1624 tanto
1565 1589 1748 1634 acceptius

998 1633 1041 1668 in
1064 1634 1214 1678 vulgum
1246 1633 1291 1668 H.
1317 1634 1364 1678 II,
1390 1637 1435 1669 26
1460 1635 1503 1670 in
1526 1636 1658 1681 vulqus
1681 1636 1749 1672 ad-

997 1691 1097 1716 verso
1131 1691 1274 1716 rumore
1308 1682 1404 1724 fuit;
1437 1680 1466 1724 I,
1492 1685 1537 1718 86
1570 1684 1684 1727 fames
1706 1684 1751 1719 in

998 1729 1129 1774 vulqus
1135 1742 1149 1773 ;
1170 1740 1199 1763 c.
1215 1732 1260 1764 93
1280 1729 1425 1764 crebrae
1442 1730 1485 1764 in
1502 1731 1635 1776 vulqus
1651 1741 1749 1766 mor—

997 1779 1059 1811 tes.
1111 1774 1158 1811 So
1190 1776 1305 1811 sehon
1336 1776 1397 1811 bei
1422 1775 1497 1812 Cic.
1523 1777 1572 1812 ad
1595 1777 1675 1814 Att.
1700 1776 1747 1822 H,

1003 1826 1061 1867 22,
1086 1826 1108 1858 3
1134 1824 1176 1858 in
1207 1824 1338 1869 vulqus
1366 1827 1512 1869 gratum
1543 1835 1616 1860 esse
1639 1826 1748 1862 senti·

1001 1881 1102 1913 mus;
1126 1870 1187 1913 IX,
1214 1874 1247 1914 5,
1274 1875 1294 1906 2
1319 1872 1363 1907 in
1385 1872 1516 1917 vulqus
1540 1875 1670 1916 notus;
1699 1872 1749 1909 ad

1001 1917 1090 1954 fam.
1110 1917 1208 1963 XIII,
1230 1922 1287 1954 70.
1314 1918 1360 1954 de
1385 1919 1460 1955 div.
1479 1918 1514 1954 11
1532 1923 1553 1963 5
1572 1922 1630 1956 86.

1051 2012 1112 2048 72.
1140 2017 1171 2048 1.
1197 2013 1411 2058 disparibus
1429 2014 1566 2061 causis]
1587 2013 1684 2050 ohne
1701 2015 1747 2050 de

1001 2059 1058 2094 als
1091 2059 1245 2096 Ablativ
1277 2061 1342 2096 des
1373 2060 1635 2096 obwaltenden
1658 2061 1748 2097 Um-

1004 2107 1172 2150 amidae,
1203 2107 1274 2143 wie
1300 2119 1329 2142 c.
1357 2111 1400 2143 63
1426 2109 1548 2143 causis
1576 2108 1748 2151 incertis,-

1002 2153 1044 2189 A.
1071 2153 1099 2198 I,
1128 2158 1171 2190 16
1196 2155 1310 2190 nullis
1333 2155 1438 2190 novis
1470 2156 1612 2198 causis;
1642 2165 1674 2191 c.
1699 2158 1746 2191 81

1002 2202 1114 2236 isdem
1132 2202 1273 2244 causis;
1298 2201 1360 2246 IV,
1374 2205 1418 2237 22
1438 2202 1588 2238 incertis
1605 2203 1727 2239 causis
1733 2215 1748 2246 ;

1002 2247 1101 2292 XIV,
1125 2252 1172 2284 32
1197 2249 1303 2284 nulla
1327 2250 1454 2294 palam
1485 2261 1618 2293 musa,-
1646 2249 1745 2296 XVI,

1004 2300 1046 2331 17
1072 2297 1187 2332 nullis
1211 2297 1388 2342 supplicii
1411 2298 1543 2332 causis.

1049 2347 1078 2378 2.
1107 2343 1325 2391 Tiqellinus]
1355 2356 1382 2379 s.
1408 2356 1453 2379 zu
1477 2355 1511 2380 c.
1536 2348 1594 2389 24,
1619 2348 1652 2380 2.

1048 2391 1172 2438 foeda]
1199 2402 1228 2427 s,
1254 2403 1299 2427 zu
1323 2403 1353 2428 c.
1381 2396 1415 2436 7,
1441 2396 1472 2427 6.

1050 2441 1083 2474 3.
1105 2440 1377 2484 praefecturam
1388 2438 1586 2485 praetor-iz]
1606 2438 1681 2474 seit
1697 2442 1743 2475 62

1000 2497 1036 2521 n.
1063 2485 1146 2522 Chr.
1173 2486 1230 2530 (A.
1256 2486 1354 2530 XIV,
1379 2487 1450 2530 51).

1047 2536 1081 2569 4.
1108 2534 1207 2580 mox]
1227 2534 1334 2569 Nach
1346 2532 1532 2569 Wolfflins
1551 2532 1743 2569 Beobsch-

1000 2582 1094 2626 tang
1117 2580 1234 2616 findet
1259 2581 1339 2616 sich
1357 2580 1419 2616 bei
1435 2579 1521 2615 Tac.
1540 2590 1624 2615 mox
1640 2579 1743 2616 wohl

999 2627 1184 2663 zwischen
1203 2628 1287 2674 Adj.
1307 2628 1383 2664 und
1401 2627 1524 2662 Subst.
1548 2626 1743 2709 eingeffigt

999 2674 1041 2718 (I,
1055 2678 1112 2710 32.
1131 2674 1177 2718 II,
1193 2678 1271 2710 101.
1291 2675 1354 2719 IV,
1365 2678 1421 2711 50.
1443 2673 1484 2710 A.
1497 2674 1524 2719 I,
1541 2677 1595 2709 13.
1644 2674 1672 2718 Ι,
1683 2678 1740 2710 34.

999 2720 1061 2765 XI,
1075 2725 1132 2757 22.
1152 2726 1210 2757 26.
1235 2721 1332 2766 XIII,
1353 2725 1424 2766 22),
1449 2721 1625 2767 nirgends
1651 2721 1742 2757 aber

999 2768 1085 2804 dem
1121 2769 1269 2813 Worte,
1311 2781 1357 2804 zu
1393 2769 1478 2804 dem
1517 2779 1556 2804 es
1593 2768 1740 2814 gehtirt,

998 2816 1259 2862 nachgestellt.
1302 2815 1428 2852 Daher
1453 2815 1575 2851 haben
1600 2827 1640 2851 er
1663 2815 1740 2851 und

999 2863 1039 2900 L.
1067 2863 1229 2909 Spengel
1259 2864 1329 2899 mit
1352 2863 1473 2899 Recht
1499 2874 1583 2899 mox
1607 2874 1741 2899 voran-
