1820 3080
122 368 166 400 10

119 663 162 696 15

116 959 161 992 20

197 69 282 111 124
719 70 882 107 TACITI
907 70 1247 108 HISTORIARUM

193 181 317 221 rendo
356 183 507 234 potius,
545 181 851 235 commilitones,
889 194 1007 233 quam
1044 184 1211 235 imperia
1247 183 1395 224 ducum
1426 186 1665 226 sciscitando
1695 198 1762 227 res

192 240 385 280 militares
423 242 697 293 continentur,
735 246 774 280 et
812 241 1055 282 fortissimus
1093 243 1133 282 in
1174 244 1261 294 ipso
1300 243 1528 285 discrimine
1560 247 1761 286 exercitus

193 305 271 352 est,
310 301 379 351 qui
417 305 506 339 ante
545 300 760 340 discrimen
802 301 1085 353 quietissimus.
1137 301 1249 341 vobis
1287 314 1396 343 arma
1433 309 1474 344 et
1504 305 1660 345 animus
1691 307 1762 346 sit:

192 359 290 398 mihi
333 359 543 399 consilium
587 364 627 399 et
665 361 824 399 virtutis
862 365 1015 400 vestrae
1053 362 1231 412 regimen
1269 362 1494 414 relinquite.
1544 375 1762 416 paucorum

192 418 306 470 culpa
345 418 441 472 fuit,
478 419 649 458 duorum
687 431 815 470 poena
847 421 941 459 erit:
979 422 1104 460 ceteri
1135 420 1289 460 abolete
1320 423 1552 462 memoriam
1583 422 1762 463 foedissi-

190 489 277 516 mae
315 479 454 517 noctis.
505 490 579 518 nec
610 477 696 517 illas
728 478 919 518 adversus
951 485 1134 519 senatum
1166 492 1283 520 voces
1315 480 1420 520 ullus
1453 493 1620 533 usquam
1651 494 1762 523 exer·

191 537 295 576 citus
322 537 467 577 audiat.
517 542 637 589 caput
661 538 821 589 imperii
846 543 886 577 et
910 538 1055 578 decora
1081 540 1257 579 omnium
1283 542 1577 591 provinciarum
1602 541 1650 581 ad
1669 554 1762 594 poe·

190 608 281 635 nam
319 608 460 636 vocare
498 609 579 636 non
611 597 773 636 hercule
812 597 887 650 illi,
925 610 1026 650 quos
1064 611 1156 638 cum
1193 601 1363 639 maxime
1394 598 1576 640 Vitellius
1613 601 1655 640 in
1686 613 1760 641 nos

190 656 286 707 ciet,
324 655 511 695 Germani
549 656 736 696 audeant:
775 655 895 696 ulline
934 656 1067 697 Italiae
1105 657 1255 698 alumni
1292 664 1332 698 et
1362 658 1537 699 Romana
1575 671 1666 700 vere
1703 662 1762 700 iu-

189 721 332 754 ventus
358 715 406 754 ad
434 717 666 767 sanguinem
693 722 732 755 et
757 715 918 755 caedem
944 716 1252 768 depoposcerint
1277 718 1470 771 ordinem,
1496 719 1612 758 cuius
1631 718 1763 771 splen·

189 774 286 813 dore
325 779 365 813 et
396 774 520 826 gloria
552 774 693 814 sordes
724 780 764 814 et
795 774 1081 815 obscuritatem
1113 775 1410 816 Vitellianarum
1441 779 1615 830 partium
1645 790 1759 830 prae-

189 831 452 884 stringimus?
496 836 676 874 nationes
703 834 854 886 aliquas
881 836 1090 886 occupavit
1108 835 1302 889 Vitellius,
1327 837 1540 888 imaginem
1565 837 1762 889 quandam

189 893 391 932 exercitus
429 893 566 946 habet,
604 900 766 933 senatus
804 893 1014 934 nobiscum
1053 899 1126 934 est.
1176 896 1233 935 sic
1272 895 1334 947 fit,
1373 900 1418 935 ut
1455 895 1550 935 hinc
1586 908 1654 936 res
1687 908 1760 949 pu·

186 951 300 1003 blica,
327 952 418 991 inde
444 953 580 992 hostes
606 954 666 992 rei
690 952 872 1004 publicae
899 955 1163 994 constiterint.
1208 952 1335 1006 quid?
1360 967 1428 994 vos
1453 954 1762 1007 pulcherrimam

188 1011 290 1050 hanc
323 1011 463 1054 urbem
495 1012 678 1051 domibus
712 1018 751 1052 et
784 1014 901 1052 tectis
933 1018 973 1052 et
1005 1018 1197 1065 congestu
1227 1013 1404 1065 lapidum
1436 1019 1542 1054 stare
1568 1012 1762 1056 creditis?

187 1148 393 1185 Gedanken
424 1162 469 1184 zu
496 1149 740 1195 entnehmen,
776 1150 847 1185 wie
872 1150 936 1195 IV,

187 1200 246 1238 52,
266 1201 298 1233 3.
324 1196 368 1231 A.
389 1197 415 1240 Ι,
436 1201 493 1233 77.
518 1197 583 1241 111,
603 1202 660 1233 51.
681 1202 736 1233 69.
763 1197 860 1242 ΧΠΙ,
883 1201 937 1234 14.

187 1244 366 1289 Draeger,
393 1243 495 1289 Synt.
523 1249 543 1286 ξ
572 1248 652 1280 142.

234 1291 396 1338 confusi]
420 1292 733 1327 ‘durcheinander
752 1292 937 1337 geraten'.

233 1350 338 1375 ruere
365 1339 680 1375 ‘hineinrennen'.

228 1387 398 1431 parendo
420 1387 560 1440 potius]
582 1387 666 1431 Vgl.
688 1386 749 1422 die
774 1388 937 1431 Anspra-

186 1434 255 1468 che
275 1434 340 1469 des
361 1433 401 1470 L.
415 1433 598 1469 Aemilius
616 1433 754 1470 Paulus
774 1434 837 1470 bei
855 1433 936 1470 Liv.

184 1480 316 1525 XLIV,
336 1485 392 1516 34.

235 1531 267 1563 7.
299 1539 356 1563 res
386 1529 565 1564 militares
589 1529 838 1575 eontinentur]
869 1529 936 1565 ‘ist

184 1575 251 1610 das
263 1575 487 1611 Heerwesen
506 1576 693 1622 bedingt'3
713 1577 790 1621 vgl.
806 1576 880 1611 Cic.
899 1588 934 1621 p.

185 1622 279 1658 Sest.
300 1626 320 1666 ξ
340 1626 384 1658 92
411 1624 566 1666 iudicia,
593 1624 726 1668 quibus
750 1634 853 1659 omne
877 1624 937 1659 ius

183 1671 400 1706 continetur.
452 1671 711 1716 N'agelsbach,
749 1671 815 1706 lat.
851 1670 935 1706 Stil.

231 1768 264 1800 8.
298 1765 341 1801 in
374 1766 455 1810 ipso
489 1765 716 1812 discrimine]
747 1765 820 1800 ‘im
857 1765 935 1801 Mo·

183 1812 310 1848 mente
336 1813 402 1848 der
426 1813 736 1858 Entscheidung’.

235 1863 268 1895 9.
293 1860 358 1906 sit]
386 1872 413 1895 s.
440 1873 469 1897 z,
497 1872 526 1897 c.
555 1864 611 1904 76,
638 1864 671 1896 9.

233 1910 288 1942 12.
319 1918 384 1942 nec
414 1908 517 1943 steht
546 1907 600 1942 im
626 1907 739 1943 Sinne
764 1919 838 1942 von
869 1918 935 1943 nec

182 1965 264 1990 vero
299 1956 393 1990 stati
429 1967 515 1990 neve
555 1956 653 2000 (neu)
692 1954 793 1991 beim
828 1955 932 1991 Coni.

183 2003 320 2047 optat„
353 2002 425 2037 wie
456 2002 508 2047 II,
535 2006 593 2047 47,
620 2006 653 2038 5.
687 2007 748 2047 76,
777 2006 831 2039 10.
883 2002 931 2038 So

183 2050 300 2084 sehon
319 2049 379 2084 bei
398 2049 528 2086 Cicero
548 2050 609 2085 ein
627 2050 798 2095 paarmal
818 2048 932 2085 sowie

181 2095 245 2131 bei
268 2095 407 2132 Livius.
439 2096 658 2142 Nipperdey
682 2109 728 2132 zu
751 2097 795 2133 A.
821 2096 849 2142 1,
874 2100 931 2131 43.

181 2141 360 2189 Draeger,
387 2144 489 2188 Synt.
510 2148 531 2186 ξ
551 2148 608 2187 28,
629 2155 660 2179 c.

230 2193 286 2225 13.
308 2195 420 2235 eaput
437 2191 600 2237 imperii]
623 2191 698 2226 ‘die
720 2190 846 2235 Spitze
866 2190 933 2225 der

181 2236 411 2283 Regierung'
439 2238 475 2273 d.
500 2238 525 2273 1.
552 2238 618 2272 der
644 2238 760 2272 Senatu
784 2237 840 2272 als
869 2236 932 2272 die

180 2284 339 2320 hochste
366 2284 567 2320 beratende
593 2285 773 2320 Behorde.

229 2332 361 2367 decora
379 2333 542 2367 omnium
556 2331 854 2378 provinciarum]
874 2332 930 2366 in-

182 2378 307 2414 sofern
338 2378 484 2414 damals
516 2379 765 2422 Provinziale,
799 2379 860 2413 die
890 2379 931 2414 in

180 2425 281 2461 ihrer
305 2425 460 2461 Heimat
485 2426 546 2462 ein
570 2427 728 2462 hoheres
752 2426 843 2460 Ami.
867 2426 930 2461 be·

179 2472 325 2509 kleidet
355 2473 504 2518 hatten,
535 2473 751 2518 Mitglieder
774 2474 839 2509 des
866 2473 930 2508 Se-

180 2521 287 2556 nates
314 2521 463 2557 werden
489 2522 667 2556 konnten.

229 2570 285 2603 14.
311 2579 392 2604 cum
416 2569 589 2615 maaeime]
617 2581 643 2604 s.
670 2580 716 2603 zu
739 2577 768 2603 o.
794 2570 850 2611 29,
873 2572 927 2603 13.

230 2618 285 2650 15.
321 2616 413 2651 ciere
449 2616 509 2651 ‘in
542 2615 758 2661 Bewegung
793 2619 931 2661 setzen,

181 2661 408 2697 aufbieten'.
448 2661 483 2699 S.
509 2676 554 2698 zu
579 2662 643 2707 111,
668 2667 726 2707 41,
755 2666 808 2698 17.

231 2707 426 2756 Germani]
447 2710 481 2748 d.
497 2710 520 2747 i.
542 2712 713 2746 cohortes
733 2708 932 2758 auxiliares

181 2754 451 2791 Germanorum
476 2757 792 2793 cisrhenauorum.

227 2803 406 2849 audeant]
432 2817 458 2839 s.
485 2816 530 2839 zu
555 2816 586 2840 c.
615 2808 674 2847 79,
699 2808 755 2839 11.

228 2849 369 2886 Italiae
385 2851 528 2887 alumni
543 2855 577 2887 et
592 2851 765 2888 Romana
780 2861 859 2887 vere
870 2851 929 2887 iu·

1009 1151 1152 1197 ventus]
1173 1151 1242 1186 Die
1255 1151 1516 1196 pratorisehen
1533 1151 1611 1187 und
1627 1152 1759 1188 atsuti-

1010 1199 1125 1234 sehen
1162 1198 1355 1234 Kohorten
1396 1199 1550 1235 wurden
1592 1199 1651 1234 bis
1694 1199 1763 1235 auf

1011 1244 1214 1290 Septimius
1247 1245 1404 1282 Severus
1435 1246 1476 1281 in
1505 1245 1642 1282 Ita-lien
1673 1257 1760 1283 aus-

1010 1293 1192 1338 gehoben.
1238 1293 1469 1338 Marquardt,
1495 1297 1588 1329 rom.
1614 1293 1757 1330 staats-

1010 1350 1122 1376 verw.
1148 1339 1184 1374 II
1210 1339 1244 1375 S.
1272 1343 1352 1377 522.
1396 1340 1479 1386 Vgl.
1498 1340 1546 1384 11,
1565 1343 1624 1385 47,
1646 1344 1703 1376 11.

1060 1391 1115 1424 16.
1142 1388 1193 1423 ad
1211 1389 1427 1433 sanquinem
1451 1391 1485 1424 et
1509 1388 1666 1435 caedent]
1688 1389 1758 1425 wie

1009 1434 1073 1479 III,
1100 1438 1144 1470 65
1169 1436 1350 1481 sanquine
1374 1439 1407 1471 et
1430 1435 1624 1481 caedibus;
1654 1446 1684 1471 e.
1711 1439 1757 1472 83

1010 1483 1060 1518 ad
1077 1483 1294 1527 sanquinem
1309 1486 1343 1518 et
1363 1483 1507 1526 caedes;
1530 1481 1610 1519 Liv.
1624 1482 1757 1528 XXIV,

1009 1532 1066 1573 25,
1093 1533 1114 1564 9
1140 1530 1190 1565 ad
1220 1531 1436 1576 sanquinem
1466 1533 1500 1565 et
1529 1531 1663 1566 caedes.
1707 1530 1757 1566 So

1008 1576 1059 1612 ist
1083 1577 1185 1612 wohl
1210 1578 1306 1612 auch
1332 1577 1414 1611 hier
1431 1577 1556 1614 caedes
1579 1589 1625 1613 zu
1643 1577 1757 1614 lesen.

1056 1624 1345 1670 depoposcerint]
1359 1623 1435 1659 Der
1447 1623 1557 1670 Konj.
1571 1625 1637 1660 des
1658 1624 1757 1662 Pers.

1008 1671 1110 1706 steht
1152 1671 1235 1706 hier
1277 1671 1333 1706 als
1373 1670 1475 1707 Coni.
1511 1671 1758 1709 dubitativa.

1009 1718 1261 1762 Heraeus,1at.
1270 1717 1441 1763 Schulgr.
1449 1722 1469 1762 ξ
1481 1723 1558 1763 176,
1566 1722 1600 1754 4.
1627 1718 1757 1765 Gegen

1008 1764 1070 1801 die
1083 1766 1217 1801 Lesart
1229 1766 1295 1801 des
1309 1766 1497 1801 Medioeus
1510 1767 1758 1813 depoposcerit

1008 1813 1151 1858 spi-ioht
1170 1813 1315 1849 sowohl
1334 1813 1399 1848 der
1417 1812 1516 1849 Plur.
1537 1814 1682 1850 alumni
1698 1814 1756 1849 als

1007 1861 1075 1895 das
1099 1860 1247 1896 Nomen
1272 1860 1511 1896 collectivum
1534 1861 1715 1897 iuventus.

1053 1908 1232 1954 ordinem]
1260 1907 1499 1944 senatorium.

1057 1959 1110 1990 17.
1137 1955 1341 1991 obscuritas
1362 1957 1420 1991 est
1439 1966 1579 2000 eorum,
1630 1955 1670 1991 ui
1689 1956 1755 1992 ob-

1007 2013 1112 2037 scuro
1144 2002 1228 2038 loco
1259 2003 1338 2038 nati
1363 2004 1466 2047 sunt3
1503 2003 1580 2048 vgl.
1636 2003 1681 2040 ic.
1708 2002 1756 2038 de

1006 2049 1348 2095 off.II§45quorwm
1355 2050 1482 2094 prima
1494 2053 1597 2086 aetas
1601 2054 1756 2096 propter

1004 2097 1244 2132 humilitatem
1277 2100 1311 2132 et
1340 2097 1594 2133 obscuritatem
1623 2097 1667 2133 in
1692 2097 1755 2133 ho-

1004 2144 1145 2179 minum
1170 2144 1399 2189 iqnoratione
1423 2147 1599 2180 versatur.

1048 2192 1318 2235 praestrinqere
1339 2190 1628 2235 ‘iiberstrahlem
1650 2191 1753 2227 blen-

1005 2237 1098 2274 den'
1132 2237 1184 2273 ist
1214 2237 1495 2273 sinnverwandt
1526 2238 1598 2274 mit
1629 2239 1755 2275 obum-

1005 2285 1121 2321 brare.
1147 2285 1231 2330 Vgl.
1259 2284 1333 2320 Cic.
1360 2285 1405 2320 de
1430 2285 1491 2320 fin.
1516 2285 1569 2320 IV
1592 2289 1612 2328 5
1638 2289 1695 2322 37.

1054 2335 1108 2367 18.
1147 2333 1343 2379 imaqinem
1379 2332 1582 2379 quandam]
1616 2333 1752 2369 herab-

1003 2379 1155 2415 setzend
1165 2380 1241 2415 ‘ein
1249 2379 1540 2424 Schattenbild’,
1547 2380 1600 2415 im
1607 2379 1751 2426 Gegen·

1002 2429 1081 2462 saiz
1112 2439 1155 2461 zu
1190 2427 1293 2462 einer
1318 2426 1575 2462 ordentliehen
1600 2427 1748 2463 Armes.

1052 2478 1108 2509 19.
1135 2474 1221 2510 hine
1242 2494 1285 2500 -
1308 2473 1409 2520 inde]
1437 2474 1508 2509 wie
1533 2484 1564 2510 c.
1584 2477 1641 2519 68,
1661 2477 1684 2509 5
1703 2491 1750 2504 ε-

1002 2522 1048 2557 ab
1061 2522 1130 2557 hae
1143 2542 1187 2547 —
1201 2522 1247 2557 ab
1261 2522 1328 2556 illa
1345 2524 1471 2565 parte;
1493 2521 1568 2566 vgl.
1585 2520 1630 2564 H,
1645 2524 1702 2564 16,
1715 2525 1749 2558 8.

1002 2572 1124 2611 21‚16.
1138 2568 1202 2612 111,
1216 2572 1339 2612 47,18.
1359 2567 1422 2612 IV,
1433 2571 1487 2612 19,
1498 2571 1553 2603 16.
1567 2567 1612 2612 V,
1625 2571 1682 2612 24,
1692 2571 1747 2604 10.

1053 2619 1109 2651 20.
1134 2616 1241 2662 quid]
1267 2615 1496 2650 rhetorische
1524 2615 1749 2660 Steigerung

992 2662 1042 2702 ,in
1066 2662 1302 2707 Frageform3
1329 2662 1404 2707 vgl.
1423 2674 1468 2696 zu
1485 2661 1550 2701 IV.
1571 2665 1628 2705 17,
1650 2665 1705 2696 11.

1051 2712 1107 2744 21.
1140 2703 1305 2745 domibus
1335 2712 1370 2744 et
1400 2708 1517 2754 tectis]
1543 2707 1647 2743 Dazu
1672 2709 1746 2754 vgl.

1002 2755 1063 2790 die
1096 2755 1226 2791 Worte
1265 2756 1328 2791 des
1362 2754 1542 2790 Camillus
1573 2754 1635 2790 bei
1665 2755 1748 2791 Liv.

1001 2802 1046 2847 V,
1072 2806 1129 2847 54,
1155 2806 1176 2838 2
1203 2804 1244 2838 in
1267 2802 1456 2847 superficie
1480 2803 1662 2848 tiqnisque
1685 2813 1745 2839 ca·

999 2851 1094 2886 ritas
1118 2851 1222 2886 nobis
1240 2850 1390 2895 patriae
1407 2848 1569 2895 pendet?
