1820 3080
78 285 200 329 ·65

223 59 310 104 100
744 77 907 118 ΤΑΟΙΤΙ
931 83 1271 130 HISTORIARUM

217 174 562 221 criminationibus
592 184 848 231 infamaverat
879 192 1024 238 Fabius

216 233 435 290 ciperetur,
467 239 595 290 palam
626 243 839 292 laudatum.

333 294 515 338 Veterem
553 302 659 343 inter
698 305 984 360 Lugdunenses
1016 323 1055 358 et
1101 321 1342 368 Viennenses
1379 330 1616 378 discordiam
1646 344 1780 392 proxi-

210 363 319 392 mum
348 353 496 397 bellum
528 364 774 407 accenderat.
835 372 980 414 multae
1013 377 1054 417 in
1087 381 1211 423 vicem
1249 385 1380 428 clades
1414 393 1595 436 crebrius
1626 399 1779 442 infesti-

210 422 354 466 usque,
394 427 511 467 quam
550 426 594 461 ut
631 427 784 466 tantum
815 438 981 484 propter
1010 435 1207 482 Neronem
1241 444 1481 502 Galbamque
1517 464 1774 508 pugnaretur.

208 474 247 508 et
279 470 399 513 Galba
429 477 583 519 reditus
614 481 940 536 Lugdunensium
972 499 1179 540 occasione
1216 504 1308 544 irae.
1329 507 1371 547 in
1411 509 1552 553 fiscum
1589 523 1776 575 verterat,

159 533 180 566 5
207 529 355 572 multus
387 542 526 577 contra
557 540 599 580 in
631 541 875 589 Viennenses
905 551 1050 610 bonor3
1087 560 1192 600 unde
1230 565 1440 608 aemulatio
1471 577 1512 611 et
1547 574 1696 618 invidia
1733 585 1775 620 et

204 600 283 629 uno
309 603 424 634 amne
456 596 640 640 discretis
672 615 866 648 conexum
905 612 1050 655 odium.
1111 619 1234 671 igitur
1270 623 1549 678 Lugdunensis
1581 637 1771 679 exstimu-

201 646 283 688 lare
315 653 491 705 singulos
523 659 692 701 militum
725 670 764 704 et
795 668 836 706 in
871 674 1116 716 eversionem
1148 678 1431 727 Viennensium
1461 690 1664 744 impellere
1701 697 1769 738 ob-

199 718 351 750 sessam
377 712 425 752 ab
451 715 528 756 illis
555 719 749 763 coloniam
777 738 906 782 suam,
936 732 1092 775 adiutos
1117 736 1292 782 Vindicis
1317 754 1494 803 conatus,
1519 756 1768 808 conscriptas

180 777 326 820 ,nuper
356 770 533 825 legiones
564 779 605 818 in
637 785 881 832 praesidium
908 789 1051 833 Galbae
1084 797 1304 842 referendo.
1354 811 1394 845 et
1419 807 1488 849 ubi
1517 822 1657 854 causas
1682 815 1765 857 odi-

1062 201 1244 253 ignarum
1282 214 1338 263 et,
1376 224 1455 264 quo
1486 215 1685 262 incautior
1715 222 1782 264 de-

243 908 298 942 18.
324 908 510 953 infamare
537 915 590 952 ‘in
610 917 753 956 Verruf
771 923 940 974 bringen,

191 954 484 1006 anschwarzen',
509 963 579 1000 wie
604 964 667 1012 m,
694 972 751 1015 62,
780 975 834 1008 10.

236 1046 300 1084 65.
329 1054 359 1086 1.
383 1051 616 1104 Viennenses]
638 1059 784 1100 Vienna
803 1077 851 1102 an
871 1068 937 1105 der

186 1093 334 1142 Rhone,
380 1100 440 1136 die
484 1103 560 1140 alte
598 1105 832 1155 Hauptstadt
869 1115 936 1153 der

185 1142 410 1192 Allobroger
423 1149 463 1194 (j.
479 1150 622 1190 Vienne
642 1155 694 1192 im
709 1158 932 1210 Dauphine),

186 1200 263 1225 war
294 1192 360 1228 der
392 1194 466 1232 Sitz
498 1199 563 1235 des
589 1200 832 1244 Statthalters
868 1212 935 1248 der

178 1239 378 1281 provincia
402 1243 666 1287 Narbonensis.
717 1253 793 1290 Der
822 1257 934 1296 stadt

183 1282 291 1322 hatte
309 1286 501 1336 Augustus
527 1294 594 1331 das
613 1298 735 1336 Reeht
759 1302 826 1339 der
845 1306 931 1352 jun-

181 1343 297 1377 geren
346 1336 574 1379 latinisehen
625 1345 811 1386 Kolonien
858 1354 930 1407 (jus

180 1379 296 1427 Latii)
352 1386 561 1435 verliehen,
617 1396 929 1438 wahrscheinlich

179 1428 359 1466 wahrend
375 1433 439 1468 des
454 1435 712 1487 Triumvirats‚
725 1444 927 1490 jedenfalls

180 1485 248 1510 vor
273 1480 318 1513 27
344 1490 377 1514 v.
406 1480 504 1528 Chr„
530 1485 579 1521 da
604 1487 656 1523 sie
682 1491 751 1526 auf
770 1492 928 1534 Mfinzen

179 1523 323 1561 colonia
348 1527 456 1564 Iulia
483 1552 527 1557 —
552 1533 660 1571 nicht
683 1538 856 1585 Augusta
881 1565 926 1571 —

183 1567 326 1608 Vienna
362 1573 486 1613 heirst.
537 1579 671 1626 Spater
706 1589 833 1624 wurde
872 1591 926 1628 sie

176 1618 275 1653 nach
319 1620 404 1657 dem
449 1628 572 1663 ersten
609 1629 815 1671 Konsulate
859 1638 923 1675 des

175 1662 347 1703 Valerius
374 1670 580 1722 Asiaticus,
609 1678 922 1722 wahrseheinlich

172 1713 283 1748 unter
314 1714 429 1753 Gaius
461 1721 646 1771 Caligula,
685 1740 749 1764 zur
778 1732 922 1770 colonia

174 1759 310 1797 civium
338 1763 591 1807 Romanorum
624 1775 804 1823 erhoben,
843 1791 919 1818 wo-

173 1805 291 1844 durch
317 1810 371 1847 sie
397 1813 463 1850 das
489 1817 589 1854 volle
613 1821 798 1861 romische
822 1826 916 1864 Bfir-

168 1856 344 1899 gerrecht
368 1861 514 1900 erhielt.

208 1906 424 1948 proximum
461 1911 607 1961 bellum]
647 1933 691 1947 =
731 1919 915 1960 Gallicum

166 1948 297 1988 bellum
331 1954 381 2000 (Z.
410 1959 484 2004 12),
524 1960 590 1997 der
625 1965 811 2004 Aufsband
849 1971 913 2007 des

165 1995 323 2038 Vindex.

211 2049 243 2081 2.
270 2049 405 2086 multae
424 2052 466 2087 in
483 2055 594 2092 vicem
613 2059 749 2108 clades]
769 2063 810 2098 In
830 2064 908 2102 die-

161 2102 219 2126 ser
248 2093 523 2147 Wortstellung
559 2105 711 2143 vertritt
745 2109 811 2145 der
841 2113 907 2148 ad-

157 2138 325 2177 verbiale
349 2143 547 2184 Ausdruck
582 2150 622 2186 in
653 2155 906 2200 griechischer

157 2184 284 2223 Weise
322 2190 394 2227 den
425 2192 571 2240 Begriff
603 2199 667 2235 des
704 2202 904 2250 Adjektivs

155 2237 323 2279 mutuam
351 2239 425 2284 vgl.
451 2241 515 2288 IV,
541 2247 587 2279 37
612 2250 757 2294 maqnis
781 2253 823 2288 in
847 2255 900 2290 vi-

155 2289 227 2316 cem
251 2283 438 2331 cladibus;
463 2288 504 2326 G.
520 2295 566 2327 37
591 2296 708 2332 multa
729 2298 772 2334 in
789 2301 901 2338 vicem

153 2327 312 2374 ιῐαηιηα,θ
336 2332 415 2370 Liv.
441 2335 505 2381 ΙΙΙ,
534 2342 590 2384 71,
616 2346 649 2378 2.
674 2343 718 2389 X,
745 2350 802 2391 11,
830 2352 861 2385 7.

199 2377 361 2416 crebrius
384 2382 638 2436 infestiusque]
665 2402 720 2428 sc.
746 2394 896 2433 fiebant.

149 2421 194 2457 In
217 2423 396 2464 kfirzeren
417 2430 559 2479 Satzen,
586 2439 709 2474 zumal
734 2452 792 2477 wo
815 2443 895 2480 sich

150 2469 211 2506 ein
243 2471 408 2511 Verbum
444 2479 733 2526 allgemeineren
765 2489 894 2528 Sinnes

148 2527 215 2554 aus
225 2519 310 2556 dem
320 2524 574 2574 zugeherigen
579 2529 791 2572 Pronomen
805 2538 894 2574 oder

147 2564 377 2605 Adverbium
410 2573 499 2610 oder
525 2575 627 2613 einer
651 2581 893 2622 adverbialen

146 2610 407 2664 Bestimmung
415 2631 489 2658 von
500 2624 618 2660 selbst
628 2629 783 2676 ergiebt,
800 2632 893 2670 liebt

147 2658 234 2695 Tac.
279 2663 449 2703 dasselbe
491 2674 763 2722 wegzulassen;
813 2681 889 2726 vgl.

145 2715 175 2740 c.
203 2711 248 2742 36
277 2714 402 2750 omnia
424 2719 602 2756 serviliter
627 2733 699 2768 pro
723 2726 888 2771 domina-

143 2752 262 2798 tione;
280 2768 310 2794 c.
326 2762 371 2795 84
384 2773 446 2799 vos
464 2766 606 2810 quidem
618 2770 719 2808 istud
729 2784 802 2818 pro
813 2786 889 2820 me,-

141 2798 206 2845 ΙΠ,
221 2805 265 2837 13
285 2809 409 2844 omnia
427 2812 470 2847 de
491 2813 634 2852 Vitellio
646 2818 689 2854 in
707 2821 886 2867 deterius,-

139 2847 183 2883 A.
209 2848 243 2893 Ι,
270 2854 315 2887 43
353 2857 482 2895 melius
515 2865 549 2898 et
581 2868 768 2904 amantius
803 2870 884 2914 ille;

1013 931 1075 976 IV,
1102 939 1147 971 38
1178 939 1307 976 melius
1330 941 1558 993 Anqustum,
1588 953 1656 996 qui
1683 963 1763 1000 spe-

1011 984 1169 1027 raverit,·
1194 985 1290 1032 XIV,
1309 993 1329 1025 7
1353 993 1431 1028 nisi
1451 995 1543 1040 quid
1557 996 1711 1037 Remus
1727 1005 1762 1039 et

1009 1027 1146 1067 Seneca
1172 1033 1236 1078 (se.
1262 1043 1510 1088 promerent„
1536 1055 1568 1080 c.
1593 1049 1616 1083 8
1641 1050 1760 1087 maxia

1008 1074 1236 1125 Ayrippina,
1261 1085 1359 1127 quod
1381 1097 1484 1124 nemo
1502 1100 1527 1125 a
1543 1091 1623 1135 filio
1640 1105 1686 1132 ac
1708 1108 1755 1133 ne

1006 1123 1193 1168 Ayerinus
1210 1130 1355 1174 quidem
1374 1135 1437 1179 (sc.
1457 1137 1637 1185 adessem
1661 1142 1752 1190 Agr.

1007 1173 1050 1205 19
1085 1173 1181 1210 nihil
1204 1186 1274 1220 per
1303 1178 1450 1218 libertos
1471 1194 1660 1241 servosque
1676 1201 1752 1236 pu-

1006 1217 1121 1255 blicae
1144 1222 1207 1258 rei.
1239 1223 1286 1260 So
1307 1227 1423 1264 sehon
1441 1229 1517 1268 Cic.
1534 1232 1631 1271 Plnl.
1651 1237 1669 1273 I
1687 1241 1708 1282 5
1729 1243 1750 1275 6

1003 1266 1101 1302 nihil
1117 1278 1187 1313 per
1209 1276 1393 1320 senatum,
1417 1278 1535 1316 multa
1558 1285 1592 1318 et
1615 1294 1752 1331 mana

996 1322 1067 1357 per
1096 1317 1299 1363 populum
1334 1321 1415 1359 Liv.
1442 1325 1546 1372 XXI,
1572 1331 1637 1375 24,
1664 1335 1686 1368 5
1716 1337 1751 1371 et

998 1370 1066 1404 per
1089 1365 1241 1402 nuntios
1263 1369 1407 1412 quidem
1434 1372 1541 1418 haec,·
1570 1375 1616 1422 V,
1642 1381 1700 1424 43,
1726 1385 1749 1417 2

1001 1409 1175 1447 adversus
1200 1424 1290 1459 quos
1307 1415 1472 1456 Romani
1487 1422 1585 1459 nihil
1608 1427 1745 1464 temere.

1001 1455 1123 1493 Madv.
1151 1462 1172 1502 ἓ
1198 1464 1280 1507 479,
1307 1463 1342 1499 d:
1385 1465 1543 1515 Berger,
1568 1471 1634 1510 lat.
1662 1473 1745 1511 Stil.

1001 1505 1020 1544 ἓ
1046 1506 1103 1549 89,
1129 1509 1162 1542 3.
1201 1507 1378 1557 Draeger,
1406 1512 1510 1559 synt„
1536 1520 1557 1560 5
1581 1522 1639 1557 36.

1046 1554 1079 1586 4.
1108 1553 1158 1600 et]
1184 1566 1211 1590 s.
1238 1567 1282 1591 zu
1308 1563 1421 1613 ‘³2²²’
1449 1565 1480 1599 1.
1612 1613 1620 1622 .
1701 1616 1710 1624 ⁸

996 1599 1157 1682 milzrczlee'r
1181 1601 1741 1700 ἓὲθὶυὲἒθαηῗέἔὲξῖἱξιειιξξῗὲ

994 1692 1148 1730 nischen
1178 1694 1308 1735 Partei
1338 1701 1497 1749 hielten‚
1531 1708 1608 1754 vgl.
1633 1721 1664 1746 c.
1691 1714 1736 1748 51

987 1741 1175 1784 pertinaci
1212 1756 1283 1790 pro
1320 1748 1467 1787 Nerone
1506 1754 1589 1798 fide.

992 1786 1063 1823 den
1088 1789 1172 1826 Abl.
1198 1794 1300 1829 modi
1325 1807 1353 1830 s.
1380 1810 1426 1833 zu
1450 1799 1496 1845 II,
1523 1805 1579 1846 12,
1606 1808 1662 1841 11.

1036 1836 1078 1870 in
1108 1837 1235 1880 fiscum
1264 1845 1436 1894 verterat]
1473 1846 1734 1890 Wahrschein-

988 1881 1064 1917 lich
1091 1883 1196 1922 hatte
1214 1886 1335 1926 Galba
1360 1891 1421 1928 die
1445 1905 1520 1931 von
1542 1896 1642 1935 Nero
1667 1900 1734 1937 der

989 1928 1100 1967 Stadt
1142 1934 1241 1970 nach
1277 1937 1362 1973 dem
1399 1941 1548 1986 grossen
1583 1945 1731 1985 Brande

985 1979 1182 2022 gemachte
1209 1981 1436 2033 Schenkung
1458 1990 1516 2034 (A.
1539 1990 1637 2039 XVI,
1659 1997 1730 2042 13),

985 2034 1025 2059 so
1043 2025 1132 2062 weit
1150 2039 1190 2063 es
1210 2029 1304 2067 eben
1323 2035 1492 2080 moglich
1509 2049 1597 2085 war,
1616 2042 1728 2079 rank-

980 2073 1124 2119 gangig
1165 2080 1342 2121 gemacht
1379 2082 1457 2118 und
1494 2089 1727 2127 namenffieh

980 2119 1203 2167 denjenigen
1223 2124 1316 2171 Teil,
1342 2129 1503 2167 welcher
1524 2131 1564 2168 in
1582 2133 1724 2182 liegen-

978 2165 1052 2201 den
1078 2167 1253 2207 Grt'inden
1278 2173 1452 2222 bestand,
1483 2190 1567 2216 zum
1590 2180 1722 2221 beaten

980 2213 1044 2248 des
1086 2214 1336 2256 kaiserlichen
1378 2222 1599 2264 Rentamtes
1642 2230 1722 2268 ein-

973 2270 1147 2307 gezogen.

1021 2311 1052 2343 6.
1097 2321 1172 2347 uno
1207 2325 1312 2351 amne
1347 2317 1514 2357 diseretis
1543 2333 1720 2362 conexam

971 2355 1110 2404 odium]
1153 2358 1230 2395 ‘um
1268 2361 1328 2399 die
1361 2365 1478 2403 durch
1509 2369 1582 2405 den
1612 2369 1716 2410 Flurs

969 2401 1086 2439 allein
1124 2404 1404 2448 Geschiedenen
1440 2415 1598 2464 schlang
1633 2419 1715 2456 sich

968 2449 1034 2484 das
1060 2450 1166 2489 Band
1193 2455 1258 2491 des
1283 2457 1449 2496 Hasses'.
1481 2461 1686 2507 (Prammer
1701 2495 1710 2504 .

966 2495 1041 2532 Der
1062 2499 1198 2546 Strom,
1224 2503 1290 2539 der
1308 2506 1422 2543 allein
1440 2507 1549 2546 beide
1569 2513 1650 2549 sehi
1698 2543 1708 2560 ,

965 2542 1107 2582 bildete
1132 2547 1219 2585 kein
1243 2550 1443 2590 Hindernis
1467 2555 1528 2592 ffir
1552 2558 1613 2595 die
1637 2561 1707 2597 Be-

963 2591 1167 2641 thii-tigung
1184 2597 1283 2634 ihres
1302 2599 1448 2640 Hasses.
1484 2602 1571 2640 Tac.
1592 2607 1707 2653 spielt

962 2638 1032 2674 mit
1064 2640 1135 2676 den
1161 2642 1414 2690 Gegensfitzen
1439 2650 1604 2689 discretis
1627 2655 1705 2691 und

961 2695 1154 2733 conexum;
1178 2692 1253 2736 vgl.
1279 2693 1358 2730 Liv.
1379 2694 1511 2743 xxm,
1531 2703 1576 2734 31
1602 2705 1704 2739 utra-

959 2743 1026 2777 que
1051 2735 1183 2782 (aedis)
1206 2740 1249 2774 in
1279 2739 1460 2786 Capitolio
1485 2749 1552 2789 est,
1577 2751 1705 2786 canali

956 2790 1032 2815 wno
1061 2782 1228 2821 discreta.
1278 2779 1379 2825 Uber
1407 2790 1479 2827 den
1504 2792 1700 2833 Chiasmus

957 2838 984 2862 s.
1011 2826 1259 2877 Nagelsbaeh,
1284 2835 1349 2871 lat.
1378 2836 1459 2873 Stil.
1486 2843 1506 2883 ἕ
1534 2845 1612 2878 167.

1003 2879 1035 2911 9.
1068 2880 1203 2926 nuper]
1230 2881 1319 2917 kurz
1344 2894 1411 2920 vor
1434 2886 1469 2922 Ν
1472 2898 1553 2924 eros
1579 2890 1696 2930 Sturz.
