1820 3080
197 65 255 108 62
574 57 576 60 ’
719 69 879 107 ΤΑοΙΤΙ
904 71 1241 111 fflsromARUM

193 179 296 218 ticus
335 178 560 230 speculator
597 186 808 220 cruentum
845 182 1018 234 gladium
1056 190 1260 226 ostentans
1297 189 1472 230 occisum
1510 203 1531 231 a
1563 204 1606 232 se
1638 194 1759 235 Otho-

123 247 166 278 10
192 250 283 278 nem
309 238 556 291 exclamavit3
590 245 629 279 et
654 239 792 281 Galba:
824 238 1083 293 ‘commilito',
1115 246 1256 299 inquit,
1290 243 1394 299 ‘quis
1419 248 1758 307 iussitP-insigni

193 299 322 337 animo
360 298 407 337 ad
440 299 700 338 coercendam
738 300 949 341 militarem
986 302 1204 358 licentiam,
1242 307 1484 349 minantibus
1521 310 1759 367 intrepidus,

192 357 381 396 adversus
413 356 660 398 blandientes
692 360 961 412 incorruptus.

119 415 176 458 36
309 415 422 456 Haud
460 416 601 457 dubiae
634 419 711 458 iam
742 420 783 459 in
815 422 957 460 castris
989 423 1165 462 omnium
1197 431 1352 465 mentes
1383 432 1596 481 tantusque
1626 431 1757 486 ardor,

190 481 234 515 ut
265 488 346 515 non
377 478 556 516 contenti
586 479 740 529 agmine
773 484 812 518 et
843 480 1079 532 corporibus
1116 483 1158 522 in
1195 491 1403 539 suggestu,
1443 487 1484 526 in
1523 501 1601 541 quo
1638 490 1756 542 paulo

188 540 280 575 ante
306 547 425 574 aurea
451 535 595 576 Galbae
621 542 749 577 statua
775 538 915 592 suerat,
947 540 1121 580 medium
1148 543 1253 582 inter
1279 545 1388 596 signa
1414 545 1611 588 Othonem
1637 550 1754 590 vexil-

187 594 235 634 lis
274 594 578 636 circumdarent.
639 609 713 636 nec
754 597 926 638 tribunis
967 605 1035 639 aut
1072 603 1375 644 centurionibus
1415 605 1587 647 adeundi
1625 608 1756 650 locus:

140 663 160 695 5
187 656 392 707 gregarius
431 654 543 694 miles
578 657 709 695 caveri
739 658 904 709 insuper
935 661 1183 711 praepositos
1213 662 1386 703 iubebat.
1448 671 1627 719 strepere
1659 681 1754 709 cun-

187 719 250 754 cta
287 713 526 754 clamoribus
564 720 603 754 et
640 715 815 756 tumultu
853 722 892 756 et
930 718 1204 760 exhortatione
1241 727 1396 775 mutua,
1436 736 1516 765 non
1553 733 1754 781 tamquam

185 774 227 812 in
258 773 404 825 populo
437 786 481 813 ac
514 773 627 825 plebe
662 776 779 815 variis
811 778 923 828 segni
954 777 1177 818 adulatione
1217 781 1397 835 vocibus,
1438 784 1507 823 sed
1539 791 1584 826 ut
1614 799 1753 840 quem—

186 845 262 885 que
294 833 553 872 adfluentium
584 834 754 874 militum
787 835 1064 890 adspexerant,
1095 850 1286 889 prensare
1312 842 1511 896 manibus,
1543 846 1753 898 complecti

185 894 325 946 armis,
363 891 571 932 conlocare
610 894 737 947 iuxta,
776 897 932 946 praeire
971 904 1282 951 sacramentum,
1320 901 1436 940 modo
1474 904 1753 955 imperatorem

1050 1012 1186 1048 vexilla
1207 1013 1421 1051 ‘Fahnlein’
1446 1017 1548 1053 steht
1572 1019 1654 1056 hier
1678 1021 1751 1058 wie

1003 1069 1033 1094 c.
1054 1062 1099 1094 53
1119 1060 1161 1095 in
1185 1071 1224 1096 eo
1250 1062 1330 1106 ipso
1353 1069 1580 1102 sacramento
1603 1068 1749 1105 vexillis

182 1006 317 1042 mufste
356 1006 435 1042 sich
473 1007 590 1042 daher
627 1008 713 1043 von¹
739 1009 824 1044 dem
867 1020 930 1044 an-

182 1055 428 1099 drangenden
447 1054 708 1091 Volkshaufen
734 1055 801 1092 auf
823 1056 931 1094 einen

182 1102 400 1148 Tragsessel
425 1101 547 1137 heben
571 1102 706 1138 lassen.
757 1104 859 1140 Suet.
887 1105 929 1141 G.

182 1153 239 1186 21.
266 1149 412 1185 Cassius
437 1148 509 1185 Dio
536 1149 664 1194 LXIV,
690 1155 723 1187 3.

230 1201 285 1232 10.
299 1201 345 1240 et]
363 1197 456 1240 ‘daz
471 1196 540 1232 wie
554 1197 617 1242 ΙΙΙ,
630 1201 686 1241 61,
705 1201 734 1233 1.
750 1199 811 1243 IV,
827 1203 883 1243 59,
895 1204 927 1235 3.

181 1245 225 1289 V,
251 1249 309 1288 26,
334 1249 357 1280 4
382 1257 417 1279 u.
440 1247 471 1280 ὃ.

183 1305 185 1307 ·
229 1296 284 1328 11.
316 1292 544 1328 minantibus
559 1313 603 1317 -—
619 1293 792 1329 adversus
824 1295 927 1330 blan—

178 1340 333 1386 dientes]
349 1339 617 1375 ZumWechsel
630 1350 703 1375 von
713 1341 833 1376 Kasus
851 1343 928 1377 und

179 1387 287 1433 Prap.
313 1388 389 1433 vgl.
416 1398 446 1422 c.
473 1390 519 1422 20
543 1397 614 1432 per
645 1392 758 1423 mrtem
790 1392 822 1424 et
851 1390 927 1433 for-

178 1435 335 1478 midine,·
365 1446 393 1470 c.
421 1438 465 1470 63
491 1445 567 1470 non
591 1435 634 1470 ob
654 1436 835 1480 praedam
861 1441 928 1474 aut

177 1482 367 1528 spoliandi
379 1483 570 1527 cupidine;
590 1493 619 1518 c.
637 1485 681 1517 64
695 1484 737 1517 in
748 1485 927 1528 qaudium

177 1533 244 1566 aut
267 1530 465 1574 formidine
484 1533 690 1574 permotus;
715 1530 761 1575 II,
780 1534 826 1566 49
852 1542 926 1568 non

177 1588 278 1613 noaea
306 1589 418 1623 neque
449 1577 492 1612 ob
522 1579 672 1621 metum;
704 1577 747 1621 V,
776 1581 819 1613 15
851 1590 926 1615 nox

177 1626 279 1670 apud
310 1625 487 1660 barbaros
518 1627 631 1676 cantu
661 1629 728 1660 aut
759 1626 924 1670 clamore,

175 1673 312 1708 nostris
349 1683 419 1718 per
455 1673 552 1707 iram
589 1675 622 1707 et
657 1673 779 1708 minas
822 1677 923 1719 acta3

174 1719 217 1756 A.
243 1719 271 1765 Ι,
297 1723 343 1756 56
370 1724 454 1756 astu
486 1720 603 1764 mayis
627 1730 736 1764 quam
754 1731 825 1765 per
847 1721 923 1764 for-

174 1768 347 1804 midinem
367 1768 480 1804 cessit.
506 1766 715 1802 Besonders
729 1779 819 1813 gern
834 1768 923 1804 latet

148 1811 151 1813 “
175 1815 263 1851 Tac.
290 1815 388 1851 nach
414 1815 500 1850 dem
513 1814 715 1860 Vorgange
736 1826 809 1851 von
831 1816 920 1852 Sall.

174 1863 251 1898 und
270 1862 348 1899 Liv.
364 1873 433 1908 per
454 1862 524 1897 mit:
543 1863 628 1904 dem
648 1862 732 1897 Abl.
753 1863 921 1899 abwech-

173 1911 272 1953 seln;
298 1910 374 1956 vgl.
400 1911 498 1945 noch
522 1909 550 1954 I,
576 1913 633 1954 46,
662 1913 716 1945 12.
743 1911 788 1955 ΙΙ,
809 1913 842 1955 5,
865 1914 919 1947 14.

174 1961 231 2002 77,
253 1962 308 1995 12.
335 1962 393 2002 87,
413 1961 446 1993 8.
473 1958 515 1993 A.
542 1956 639 2002 XIII,
666 1960 698 1993 9.
743 1958 920 2005 Draeger,

173 2004 277 2052 synt.
303 2009 323 2049 ξ
347 2008 427 2041 105.
848 2052 855 2059 ¹

223 2057 277 2089 12.
315 2053 568 2098 incorruptus]
605 2051 919 2098 ‘unbestechhch,

172 2102 402 2146 unentwegt,
427 2100 623 2136 unbeirrt’.

218 2194 282 2230 36.
310 2200 340 2230 1.
367 2195 516 2242 castris]
542 2192 750 2239 praetoriis.

219 2246 252 2278 2.
290 2253 366 2278 non
399 2243 558 2279 contenti
590 2241 735 2286 aymine
770 2244 804 2277 et
841 2252 916 2277 cor-

163 2290 335 2337 poribus]
359 2289 420 2325 Sie
444 2301 568 2326 waren
592 2287 698 2324 nicht
715 2288 917 2334 zufrieden,

169 2337 236 2373 ihn
271 2337 324 2372 im
360 2338 507 2383 Aufzug
546 2335 664 2373 durch
705 2334 766 2371 die
806 2335 918 2390 Stadt

169 2384 238 2420 auf
250 2385 359 2421 ihren
373 2384 571 2422 Schultern
590 2396 635 2419 zu
653 2384 798 2429 brugen.
826 2383 917 2438 Hler

166 2432 218 2468 ist
257 2434 470 2478 corporibus
508 2432 695 2475 dasselbe,
740 2441 816 2466 was
853 2430 916 2467 be1

168 2479 268 2515 Suet.
297 2479 338 2516 O.
367 2484 387 2516 6
411 2481 641 2516 succollatus.
685 2477 833 2533 Andere
860 2485 914 2514 er·—

166 2531 311 2574 ganzen
345 2528 621 2564 circumdedisse
657 2537 736 2580 aus,
761 2536 913 2562 circum—

166 2576 299 2611 darent
324 2576 375 2621 (Z.
401 2577 451 2620 4).

214 2627 246 2660 3.
275 2622 415 2659 Galbae
438 2623 579 2670 statua]
606 2622 683 2669 vgl.
702 2621 745 2657 A.
766 2620 845 2666 XV,
866 2624 911 2656 29

165 2671 282 2706 medio
319 2671 486 2707 tribunal
525 2672 640 2707 sedem
677 2669 838 2706 curulem
879 2671 913 2704 et

165 2717 264 2752 sedes
287 2718 443 2763 effiyiem
466 2718 627 2755 Neronis
650 2716 863 2760 sustinebat.

213 2764 372 2801 medium
389 2767 486 2814 inter
503 2767 613 2812 siyna
633 2763 820 2809 Othonem]
835 2763 910 2818 vgl.

165 2809 210 2854 II,
224 2814 269 2846 29
284 2812 550 2858 circumdatum
562 2812 790 2858 (Valentem)
806 2821 910 2856 aqui-

165 2858 212 2894 lis
234 2860 420 2905 signisque
443 2861 486 2896 in
509 2862 677 2897 tribtmal
700 2861 835 2905 ferunt.

1001 1106 1192 1149 inferioris
1205 1107 1425 1146 Germaniae
1437 1118 1659 1156 praeventus
1670 1120 1750 1153 erat

1002 1163 1175 1198 ungenau
1200 1155 1261 1191 fiir
1284 1159 1478 1203 manipuli.

1050 1203 1081 1236 5.
1115 1203 1250 1250 caveri]
1285 1205 1340 1240 als
1371 1204 1590 1253 Galbianer,
1627 1209 1749 1247 denen

1001 1247 1118 1283 daher
1140 1250 1235 1285 auch
1256 1250 1322 1287 der
1335 1252 1472 1290 Zutritt
1490 1267 1535 1290 zu
1548 1255 1648 1293 Otho
1667 1269 1749 1294 ver-

1000 1295 1121 1331 wehrt
1145 1297 1238 1332 wird
1263 1299 1313 1343 (Z.
1341 1303 1387 1337 4).

1047 1346 1203 1388 strepere
1227 1347 1375 1394 cwncta]
1405 1347 1502 1385 ‘lant
1523 1350 1682 1388 achani-,e
1707 1363 1747 1390 ee

999 1389 1093 1425 aller
1119 1391 1271 1436 Orten';
1304 1398 1440 1431 cuncta
1462 1396 1513 1433 ist
1537 1399 1634 1434 nach
1658 1399 1745 1436 dem

998 1436 1178 1484 Vorgang
1202 1451 1275 1476 von
1300 1441 1380 1478 Liv.
1396 1443 1510 1490 XXII,
1527 1449 1583 1490 19,
1599 1451 1621 1483 9
1638 1449 1746 1484 van'o

999 1486 1123 1520 onmia
1141 1489 1301 1523 tumultu
1316 1493 1502 1535 strepunt,-
1519 1492 1638 1538 XXV,
1650 1498 1708 1540 25,
1722 1498 1745 1530 2

998 1542 1079 1567 cum
1103 1535 1227 1569 omnia
1252 1539 1386 1583 terrore
1411 1549 1454 1574 ac
1472 1541 1633 1577 tumultu
1655 1546 1746 1578 stre·

991 1583 1121 1624 perent
1151 1592 1226 1617 von
1257 1582 1322 1618 der
1347 1575 1574 1622 Ortlichkeit
1597 1589 1744 1635 gesagt,

997 1626 1066 1662 wie
1082 1627 1125 1662 H.
1138 1628 1200 1671 IV,
1212 1633 1257 1664 29
1276 1631 1420 1667 misceri
1438 1637 1571 1670 cuncta
1588 1637 1744 1673 tenebris

996 1677 1029 1708 et
1047 1675 1160 1710 armis
1179 1676 1296 1720 iubet;
1316 1689 1346 1714 c.
1361 1683 1406 1714 49
1427 1685 1558 1717 cuncta
1577 1683 1742 1720 clamori-

996 1721 1063 1757 bus
1092 1723 1310 1768 miscebant,·
1345 1725 1387 1771 V,
1414 1730 1459 1763 22
1493 1731 1632 1774 gaudio
1665 1732 1742 1768 cla-

995 1770 1224 1815 moribusque
1235 1776 1368 1809 cwncta
1379 1775 1595 1820 miscebant;
1607 1777 1741 1824 A.XI1‚

994 1818 1040 1851 47
1051 1818 1214 1854 coniunx
1230 1824 1361 1857 cwncta
1377 1822 1633 1861 lamentatione
1648 1836 1740 1862 com-

988 1864 1137 1908 plebat;
1173 1864 1266 1902 Plin.
1294 1879 1379 1913 pan.
1405 1873 1468 1914 23,
1495 1875 1516 1906 5
1540 1872 1656 1917 plena
1684 1874 1739 1910 al—

993 1912 1147 1957 taribus,
1176 1919 1335 1960 anqusta
1358 1917 1516 1954 victimis
1539 1923 1683 1957 cuncta.

1042 1962 1075 1996 7.
1094 1962 1225 2006 variis]
1246 1963 1305 1997 fiir
1322 1965 1499 2009 vmiatis,-
1517 1966 1610 2003 iiber
1619 1969 1739 2014 eequis

993 2017 1020 2042 s.
1046 2018 1091 2041 zu
1117 2019 1147 2042 c.
1174 2012 1231 2054 33,
1258 2014 1289 2046 3.
1338 2010 1510 2048 Barnous
1529 2016 1739 2052 vemutete

991 2054 1099 2089 vanis
1124 2054 1183 2089 fiir
1207 2058 1333 2093 variis.

1038 2105 1081 2136 ut
1104 2113 1274 2147 quemque
1317 2115 1344 2139 s.
1370 2116 1414 2140 zu
1439 2117 1470 2141 c.
1496 2110 1553 2151 29,
1577 2111 1612 2143 4.

1039 2151 1071 2184 9.
1105 2150 1234 2196 armis]
1302 2162 1342 2186 as
1377 2153 1620 2190 unmittelbar
1652 2166 1735 2192 vor-

990 2195 1228 2240 hergehende
1241 2209 1421 2243 prensare
1437 2202 1608 2238 manibus
1620 2203 1733 2240 sowie

989 2245 1101 2286 rapta
1118 2245 1244 2280 statim
1262 2256 1368 2282 arma
1382 2248 1427 2292 (c.
1441 2251 1500 2293 38,
1516 2250 1574 2294 12)
1592 2250 1736 2296 spricht

989 2289 1115 2334 dafiir,
1151 2291 1232 2327 dass
1257 2292 1338 2328 hier
1362 2296 1474 2339 armi,
1498 2296 1605 2333 nicht
1628 2308 1735 2335 arna

987 2337 1177 2421 {emm-{31
1186 2339 1285 2423 3ἰὲξέ
1302 2341 1390 2423 fwie
1414 2342 1511 2425 autch
1535 2343 1597 2380 bei
1620 2344 1733 2401 Verg-

1023 2394 1080 2419 en.
1179 2415 1188 2432 ,
1317 2400 1353 2434 g.
1381 2401 1451 2435 pos
1467 2402 1575 2436 quam
1597 2391 1734 2428 hattho

988 2432 1095 2467 lateri
1109 2433 1245 2478 clipeus
1263 2436 1446 2482 loricaque
1457 2441 1599 2483 teryost,
1616 2439 1733 2476 Asca·

987 2480 1090 2515 nium
1099 2481 1196 2524 fusis
1206 2483 1342 2519 circum
1352 2485 1600 2529 complectitur
1605 2487 1730 2523 armis.

986 2526 1074 2572 Vgl.
1099 2526 1191 2564 Aen.
1217 2529 1278 2575 IV,
1307 2534 1349 2566 11
1374 2542 1476 2576 quem
1499 2542 1572 2568 sese
1595 2544 1656 2570 ore
1677 2534 1729 2578 fe-

985 2584 1085 2617 rens,
1117 2586 1226 2619 quam
1257 2578 1349 2620 forti
1376 2582 1515 2623 pectore
1538 2583 1571 2615 et
1595 2582 1730 2617 armis!

985 2621 1038 2656 Zu
1048 2632 1223 2665 prensare
1236 2623 1312 2669 vgl.
1323 2624 1417 2661 Plin.
1429 2636 1485 2671 ep.
1498 2627 1543 2670 ΙΙ,
1555 2631 1575 2662 9
1591 2639 1728 2673 prenso

985 2669 1130 2713 amicos,
1155 2671 1334 2715 supplico,
1359 2673 1487 2708 ambio.

1032 2716 1158 2763 iuxta]
1184 2716 1377 2754 adverbial
1401 2720 1459 2754 ffir
1481 2721 1590 2756 iuoeta
1612 2731 1659 2758 se.

1028 2764 1175 2808 praeire
1207 2770 1472 2802 sacramentum
1509 2767 1596 2803 ‘den
1631 2768 1725 2804 Hul-

984 2809 1206 2856 digungseid
1217 2823 1400 2858 vorsagen
1418 2815 1493 2850 und
1510 2816 1726 2862 nachsagen

982 2857 1135 2904 lassen',
1160 2859 1230 2895 wie
1256 2859 1301 2905 II,
1328 2865 1384 2907 74,
1409 2866 1442 2897 2.
