<?xml version="1.0" encoding="UTF-8"?>
<!DOCTYPE html PUBLIC "-//W3C//DTD XHTML 1.0 Transitional//EN"
    "http://www.w3.org/TR/xhtml1/DTD/xhtml1-transitional.dtd">
<html xmlns="http://www.w3.org/1999/xhtml" xml:lang="en" lang="en">
 <head>
  <title>
</title>
<meta http-equiv="Content-Type" content="text/html;charset=utf-8" />
  <meta name='ocr-system' content='tesseract 3.04.00' />
  <meta name='ocr-capabilities' content='ocr_page ocr_carea ocr_par ocr_line ocrx_word'/>
</head>
<body>
  <div class='ocr_page' id='page_1' title='image "./p1corneliitaciti01taciuoft_0160.png"; bbox 0 0 1820 3080; ppageno 0'>
   <div class='ocr_carea' id='block_1_1' title="bbox 171 79 256 121">
    <p class='ocr_par' dir='ltr' id='par_1_1' title="bbox 171 79 256 121">
     <span class='ocr_line' id='line_1_1' title="bbox 171 79 256 121; baseline 0 0"><span class='ocrx_word' id='word_1_1' title='bbox 171 79 256 121; x_wconf 85' lang='lat'>146</span> 
     </span>
    </p>
   </div>
   <div class='ocr_carea' id='block_1_2' title="bbox 693 80 1214 119">
    <p class='ocr_par' dir='ltr' id='par_1_2' title="bbox 693 80 1214 119">
     <span class='ocr_line' id='line_1_2' title="bbox 693 80 1214 119; baseline 0.004 -3"><span class='ocrx_word' id='word_1_2' title='bbox 693 80 853 117; x_wconf 88' lang='lat' dir='ltr'><strong>TACITI</strong></span> <span class='ocrx_word' id='word_1_3' title='bbox 877 80 1214 119; x_wconf 84' lang='lat' dir='ltr'><strong>HISTORIARUM</strong></span> 
     </span>
    </p>
   </div>
   <div class='ocr_carea' id='block_1_3' title="bbox 114 191 1738 543">
    <p class='ocr_par' dir='ltr' id='par_1_3' title="bbox 114 191 1738 543">
     <span class='ocr_line' id='line_1_3' title="bbox 170 191 1738 243; baseline 0.003 -12"><span class='ocrx_word' id='word_1_4' title='bbox 170 191 282 231; x_wconf 81' lang='lat' dir='ltr'><strong>fuere</strong></span> <span class='ocrx_word' id='word_1_5' title='bbox 328 192 397 243; x_wconf 91' lang='lat' dir='ltr'><strong>qui</strong></span> <span class='ocrx_word' id='word_1_6' title='bbox 435 191 677 230; x_wconf 79' lang='lat' dir='ltr'><strong>trierarchos</strong></span> <span class='ocrx_word' id='word_1_7' title='bbox 715 192 875 231; x_wconf 88' lang='lat' dir='ltr'><strong>nomine</strong></span> <span class='ocrx_word' id='word_1_8' title='bbox 907 191 1076 232; x_wconf 89' lang='lat' dir='ltr'><strong>Neronis</strong></span> <span class='ocrx_word' id='word_1_9' title='bbox 1114 194 1299 233; x_wconf 86' lang='lat' dir='ltr'><strong>accirent.</strong></span> <span class='ocrx_word' id='word_1_10' title='bbox 1350 195 1385 233; x_wconf 89' lang='lat' dir='ltr'><strong>is</strong></span> <span class='ocrx_word' id='word_1_11' title='bbox 1422 195 1464 235; x_wconf 89' lang='lat' dir='ltr'><strong>in</strong></span> <span class='ocrx_word' id='word_1_12' title='bbox 1499 195 1738 235; x_wconf 74' lang='lat' dir='ltr'><strong>maestitiam</strong></span> 
     </span>
     <span class='ocr_line' id='line_1_4' title="bbox 123 250 1737 308; baseline 0.003 -18"><span class='ocrx_word' id='word_1_13' title='bbox 123 259 143 290; x_wconf 85' lang='lat'>5</span> <span class='ocrx_word' id='word_1_14' title='bbox 166 251 415 302; x_wconf 75' lang='lat' dir='ltr'><strong>,compositus</strong></span> <span class='ocrx_word' id='word_1_15' title='bbox 447 254 486 289; x_wconf 86' lang='lat' dir='ltr'><strong>et</strong></span> <span class='ocrx_word' id='word_1_16' title='bbox 518 250 636 289; x_wconf 74' lang='lat' dir='ltr'><strong>fidem</strong></span> <span class='ocrx_word' id='word_1_17' title='bbox 668 262 832 290; x_wconf 88' lang='lat' dir='ltr'><strong>suorum</strong></span> <span class='ocrx_word' id='word_1_18' title='bbox 859 251 1057 303; x_wconf 89' lang='lat' dir='ltr'><strong>quondam</strong></span> <span class='ocrx_word' id='word_1_19' title='bbox 1082 252 1253 292; x_wconf 86' lang='lat' dir='ltr'><strong>militum</strong></span> <span class='ocrx_word' id='word_1_20' title='bbox 1278 253 1476 308; x_wconf 86' lang='lat' dir='ltr'><strong>invocans,</strong></span> <span class='ocrx_word' id='word_1_21' title='bbox 1507 259 1559 294; x_wconf 85' lang='lat' dir='ltr'><strong>ut·-</strong></span> <span class='ocrx_word' id='word_1_22' title='bbox 1577 266 1669 295; x_wconf 89' lang='lat' dir='ltr'><strong>eum</strong></span> <span class='ocrx_word' id='word_1_23' title='bbox 1694 255 1737 294; x_wconf 87' lang='lat' dir='ltr'><strong>in</strong></span> 
     </span>
     <span class='ocr_line' id='line_1_5' title="bbox 114 309 1735 363; baseline 0.003 -14"><span class='ocrx_word' id='word_1_24' title='bbox 114 330 117 333; x_wconf 97' lang='lat'>·</span> <span class='ocrx_word' id='word_1_25' title='bbox 172 309 287 349; x_wconf 88' lang='lat' dir='ltr'><strong>Suria</strong></span> <span class='ocrx_word' id='word_1_26' title='bbox 326 314 394 348; x_wconf 89' lang='lat' dir='ltr'><strong>aut</strong></span> <span class='ocrx_word' id='word_1_27' title='bbox 425 309 600 361; x_wconf 83' lang='lat' dir='ltr'><strong>Aegypto</strong></span> <span class='ocrx_word' id='word_1_28' title='bbox 639 311 845 363; x_wconf 80' lang='lat' dir='ltr'><strong>sisterent,</strong></span> <span class='ocrx_word' id='word_1_29' title='bbox 884 310 1032 351; x_wconf 83' lang='lat' dir='ltr'><strong>orabat.</strong></span> <span class='ocrx_word' id='word_1_30' title='bbox 1082 311 1294 351; x_wconf 79' lang='lat' dir='ltr'>trierarchi</span> <span class='ocrx_word' id='word_1_31' title='bbox 1324 317 1510 353; x_wconf 83' lang='lat' dir='ltr'><strong>nutantes</strong></span> <span class='ocrx_word' id='word_1_32' title='bbox 1542 325 1614 353; x_wconf 84' lang='lat' dir='ltr'><strong>seu</strong></span> <span class='ocrx_word' id='word_1_33' title='bbox 1644 312 1735 354; x_wconf 88' lang='lat' dir='ltr'><strong>dolo</strong></span> 
     </span>
     <span class='ocr_line' id='line_1_6' title="bbox 170 368 1735 421; baseline 0.003 -14"><span class='ocrx_word' id='word_1_34' title='bbox 170 368 440 420; x_wconf 83' lang='lat' dir='ltr'><strong>adloquendos</strong></span> <span class='ocrx_word' id='word_1_35' title='bbox 467 368 543 408; x_wconf 91' lang='lat' dir='ltr'><strong>sibi</strong></span> <span class='ocrx_word' id='word_1_36' title='bbox 569 368 714 408; x_wconf 88' lang='lat' dir='ltr'><strong>milites</strong></span> <span class='ocrx_word' id='word_1_37' title='bbox 739 374 777 408; x_wconf 86' lang='lat' dir='ltr'><strong>et</strong></span> <span class='ocrx_word' id='word_1_38' title='bbox 803 371 952 421; x_wconf 83' lang='lat' dir='ltr'><strong>paratis</strong></span> <span class='ocrx_word' id='word_1_39' title='bbox 978 372 1156 410; x_wconf 90' lang='lat' dir='ltr'><strong>omnium</strong></span> <span class='ocrx_word' id='word_1_40' title='bbox 1182 372 1323 410; x_wconf 88' lang='lat' dir='ltr'><strong>animis</strong></span> <span class='ocrx_word' id='word_1_41' title='bbox 1348 383 1582 412; x_wconf 85' lang='lat' dir='ltr'><strong>reversuros</strong></span> <span class='ocrx_word' id='word_1_42' title='bbox 1606 372 1735 412; x_wconf 79' lang='lat' dir='ltr'><strong>firma·</strong></span> 
     </span>
     <span class='ocr_line' id='line_1_7' title="bbox 171 427 1737 484; baseline 0.003 -18"><span class='ocrx_word' id='word_1_43' title='bbox 171 433 324 467; x_wconf 85' lang='lat' dir='ltr'><strong>verunt.</strong></span> <span class='ocrx_word' id='word_1_44' title='bbox 375 427 445 467; x_wconf 91' lang='lat' dir='ltr'><strong>sed</strong></span> <span class='ocrx_word' id='word_1_45' title='bbox 475 427 687 480; x_wconf 84' lang='lat' dir='ltr'><strong>Asprenati</strong></span> <span class='ocrx_word' id='word_1_46' title='bbox 719 433 862 468; x_wconf 88' lang='lat' dir='ltr'><strong>cuncta</strong></span> <span class='ocrx_word' id='word_1_47' title='bbox 894 441 943 469; x_wconf 82' lang='lat' dir='ltr'><strong>ex</strong></span> <span class='ocrx_word' id='word_1_48' title='bbox 974 429 1051 469; x_wconf 87' lang='lat' dir='ltr'><strong>fide</strong></span> <span class='ocrx_word' id='word_1_49' title='bbox 1083 431 1280 484; x_wconf 84' lang='lat' dir='ltr'><strong>nuntiata3</strong></span> <span class='ocrx_word' id='word_1_50' title='bbox 1318 431 1433 471; x_wconf 87' lang='lat' dir='ltr'><strong>cuius</strong></span> <span class='ocrx_word' id='word_1_51' title='bbox 1464 430 1737 472; x_wconf 74' lang='lat' dir='ltr'><strong>cohortatione</strong></span> 
     </span>
     <span class='ocr_line' id='line_1_8' title="bbox 171 488 1738 543; baseline 0.003 -17"><span class='ocrx_word' id='word_1_52' title='bbox 171 491 392 539; x_wconf 84' lang='lat' dir='ltr'><strong>expugnata</strong></span> <span class='ocrx_word' id='word_1_53' title='bbox 436 488 545 527; x_wconf 88' lang='lat' dir='ltr'><strong>navis</strong></span> <span class='ocrx_word' id='word_1_54' title='bbox 590 492 630 527; x_wconf 87' lang='lat' dir='ltr'><strong>et</strong></span> <span class='ocrx_word' id='word_1_55' title='bbox 666 488 919 541; x_wconf 82' lang='lat' dir='ltr'><strong>interfectus,</strong></span> <span class='ocrx_word' id='word_1_56' title='bbox 957 490 1139 541; x_wconf 89' lang='lat' dir='ltr'><strong>quisquis</strong></span> <span class='ocrx_word' id='word_1_57' title='bbox 1177 488 1242 529; x_wconf 88' lang='lat' dir='ltr'><strong>ille</strong></span> <span class='ocrx_word' id='word_1_58' title='bbox 1281 495 1377 530; x_wconf 89' lang='lat' dir='ltr'><strong>erat.</strong></span> <span class='ocrx_word' id='word_1_59' title='bbox 1427 494 1546 542; x_wconf 88' lang='lat' dir='ltr'><strong>caput</strong></span> <span class='ocrx_word' id='word_1_60' title='bbox 1582 491 1738 543; x_wconf 83' lang='lat' dir='ltr'><strong>insigne</strong></span> 
     </span>
    </p>
   </div>
   <div class='ocr_carea' id='block_1_4' title="bbox 170 610 504 658">
    <p class='ocr_par' dir='ltr' id='par_1_4' title="bbox 170 610 504 658">
     <span class='ocr_line' id='line_1_9' title="bbox 170 610 504 658; baseline 0 -13"><span class='ocrx_word' id='word_1_61' title='bbox 170 610 401 658; x_wconf 84' lang='lat' dir='ltr'><strong>pervectum</strong></span> <span class='ocrx_word' id='word_1_62' title='bbox 432 610 504 645; x_wconf 88' lang='lat' dir='ltr'><strong>est.</strong></span> 
     </span>
    </p>
   </div>
   <div class='ocr_carea' id='block_1_5' title="bbox 101 545 1738 601">
    <p class='ocr_par' dir='ltr' id='par_1_5' title="bbox 101 545 1738 601">
     <span class='ocr_line' id='line_1_10' title="bbox 101 545 1738 601; baseline 0.002 -15"><span class='ocrx_word' id='word_1_63' title='bbox 101 555 144 587; x_wconf 90' lang='lat'><strong>10</strong></span> <span class='ocrx_word' id='word_1_64' title='bbox 171 545 298 586; x_wconf 91' lang='lat' dir='ltr'><strong>oculis</strong></span> <span class='ocrx_word' id='word_1_65' title='bbox 337 558 528 598; x_wconf 90' lang='lat' dir='ltr'><strong>comaque</strong></span> <span class='ocrx_word' id='word_1_66' title='bbox 567 552 606 586; x_wconf 91' lang='lat' dir='ltr'><strong>et</strong></span> <span class='ocrx_word' id='word_1_67' title='bbox 645 547 829 587; x_wconf 85' lang='lat' dir='ltr'><strong>torvitate</strong></span> <span class='ocrx_word' id='word_1_68' title='bbox 868 547 1001 588; x_wconf 89' lang='lat' dir='ltr'><strong>vultus</strong></span> <span class='ocrx_word' id='word_1_69' title='bbox 1038 549 1079 588; x_wconf 92' lang='lat' dir='ltr'><strong>in</strong></span> <span class='ocrx_word' id='word_1_70' title='bbox 1119 549 1250 588; x_wconf 84' lang='lat' dir='ltr'><strong>Asiam</strong></span> <span class='ocrx_word' id='word_1_71' title='bbox 1287 554 1406 601; x_wconf 87' lang='lat' dir='ltr'><strong>atque</strong></span> <span class='ocrx_word' id='word_1_72' title='bbox 1443 549 1536 589; x_wconf 90' lang='lat' dir='ltr'><strong>inde</strong></span> <span class='ocrx_word' id='word_1_73' title='bbox 1573 548 1738 590; x_wconf 86' lang='lat' dir='ltr'><strong>Romam</strong></span> 
     </span>
    </p>
   </div>
   <div class='ocr_carea' id='block_1_6' title="bbox 102 663 158 706">
    <p class='ocr_par' dir='ltr' id='par_1_6' title="bbox 102 663 158 706">
     <span class='ocr_line' id='line_1_11' title="bbox 102 663 158 706; baseline -0.018 0"><span class='ocrx_word' id='word_1_74' title='bbox 102 663 158 706; x_wconf 91' lang='lat'><strong>10</strong></span> 
     </span>
    </p>
   </div>
   <div class='ocr_carea' id='block_1_7' title="bbox 122 664 1740 1134">
    <p class='ocr_par' dir='ltr' id='par_1_7' title="bbox 122 664 1740 1133">
     <span class='ocr_line' id='line_1_12' title="bbox 290 664 1739 719; baseline 0.003 -16"><span class='ocrx_word' id='word_1_75' title='bbox 290 664 335 704; x_wconf 91' lang='lat' dir='ltr'><strong>In</strong></span> <span class='ocrx_word' id='word_1_76' title='bbox 367 666 526 704; x_wconf 87' lang='lat' dir='ltr'><strong>civitate</strong></span> <span class='ocrx_word' id='word_1_77' title='bbox 559 664 734 704; x_wconf 88' lang='lat' dir='ltr'><strong>discordi</strong></span> <span class='ocrx_word' id='word_1_78' title='bbox 765 670 805 704; x_wconf 92' lang='lat' dir='ltr'><strong>et</strong></span> <span class='ocrx_word' id='word_1_79' title='bbox 837 664 886 704; x_wconf 89' lang='lat' dir='ltr'><strong>ob</strong></span> <span class='ocrx_word' id='word_1_80' title='bbox 918 665 1080 705; x_wconf 86' lang='lat' dir='ltr'><strong>crebras</strong></span> <span class='ocrx_word' id='word_1_81' title='bbox 1111 667 1337 719; x_wconf 86' lang='lat' dir='ltr'><strong>principum</strong></span> <span class='ocrx_word' id='word_1_82' title='bbox 1368 668 1607 707; x_wconf 85' lang='lat' dir='ltr'><strong>mutationes</strong></span> <span class='ocrx_word' id='word_1_83' title='bbox 1632 667 1739 707; x_wconf 82' lang='lat' dir='ltr'><strong>iuter</strong></span> 
     </span>
     <span class='ocr_line' id='line_1_13' title="bbox 171 723 1738 778; baseline 0.002 -15"><span class='ocrx_word' id='word_1_84' title='bbox 171 723 396 764; x_wconf 87' lang='lat' dir='ltr'><strong>libertatem</strong></span> <span class='ocrx_word' id='word_1_85' title='bbox 428 737 472 763; x_wconf 92' lang='lat' dir='ltr'><strong>ac</strong></span> <span class='ocrx_word' id='word_1_86' title='bbox 504 724 704 764; x_wconf 84' lang='lat' dir='ltr'><strong>licentiam</strong></span> <span class='ocrx_word' id='word_1_87' title='bbox 734 725 887 764; x_wconf 82' lang='lat' dir='ltr'><strong>incerta</strong></span> <span class='ocrx_word' id='word_1_88' title='bbox 918 737 1060 776; x_wconf 89' lang='lat' dir='ltr'><strong>parvae</strong></span> <span class='ocrx_word' id='word_1_89' title='bbox 1092 738 1251 778; x_wconf 85' lang='lat' dir='ltr'><strong>quoque</strong></span> <span class='ocrx_word' id='word_1_90' title='bbox 1283 738 1348 766; x_wconf 89' lang='lat' dir='ltr'><strong>res</strong></span> <span class='ocrx_word' id='word_1_91' title='bbox 1379 727 1532 778; x_wconf 84' lang='lat' dir='ltr'><strong>magnis</strong></span> <span class='ocrx_word' id='word_1_92' title='bbox 1562 725 1738 766; x_wconf 81' lang='lat' dir='ltr'><strong>motibus</strong></span> 
     </span>
     <span class='ocr_line' id='line_1_14' title="bbox 171 782 1739 837; baseline 0.001 -14"><span class='ocrx_word' id='word_1_93' title='bbox 171 783 400 835; x_wconf 87' lang='lat' dir='ltr'><strong>agebantur.</strong></span> <span class='ocrx_word' id='word_1_94' title='bbox 450 782 588 823; x_wconf 88' lang='lat' dir='ltr'><strong>Vibius</strong></span> <span class='ocrx_word' id='word_1_95' title='bbox 628 783 810 837; x_wconf 86' lang='lat' dir='ltr'><strong>Crispus,</strong></span> <span class='ocrx_word' id='word_1_96' title='bbox 853 785 1022 835; x_wconf 88' lang='lat' dir='ltr'><strong>pecunia</strong></span> <span class='ocrx_word' id='word_1_97' title='bbox 1058 787 1235 836; x_wconf 85' lang='lat' dir='ltr'><strong>potentia</strong></span> <span class='ocrx_word' id='word_1_98' title='bbox 1272 786 1430 837; x_wconf 90' lang='lat' dir='ltr'><strong>ingenio</strong></span> <span class='ocrx_word' id='word_1_99' title='bbox 1467 787 1573 825; x_wconf 84' lang='lat' dir='ltr'><strong>inter</strong></span> <span class='ocrx_word' id='word_1_100' title='bbox 1609 785 1739 825; x_wconf 84' lang='lat' dir='ltr'><strong>claros</strong></span> 
     </span>
     <span class='ocr_line' id='line_1_15' title="bbox 171 842 1739 897; baseline 0.002 -15"><span class='ocrx_word' id='word_1_101' title='bbox 171 844 295 894; x_wconf 86' lang='lat' dir='ltr'><strong>magis</strong></span> <span class='ocrx_word' id='word_1_102' title='bbox 335 855 452 895; x_wconf 90' lang='lat' dir='ltr'><strong>quam</strong></span> <span class='ocrx_word' id='word_1_103' title='bbox 489 843 595 882; x_wconf 85' lang='lat' dir='ltr'><strong>inter</strong></span> <span class='ocrx_word' id='word_1_104' title='bbox 626 842 772 895; x_wconf 88' lang='lat' dir='ltr'><strong>honos,</strong></span> <span class='ocrx_word' id='word_1_105' title='bbox 806 843 980 883; x_wconf 90' lang='lat' dir='ltr'><strong>Annium</strong></span> <span class='ocrx_word' id='word_1_106' title='bbox 1010 843 1202 884; x_wconf 87' lang='lat' dir='ltr'><strong>Faustum</strong></span> <span class='ocrx_word' id='word_1_107' title='bbox 1234 845 1433 897; x_wconf 89' lang='lat' dir='ltr'><strong>equestris</strong></span> <span class='ocrx_word' id='word_1_108' title='bbox 1463 844 1633 897; x_wconf 84' lang='lat' dir='ltr'><strong>ordinis,</strong></span> <span class='ocrx_word' id='word_1_109' title='bbox 1670 845 1739 896; x_wconf 85' lang='lat' dir='ltr'><strong>qui</strong></span> 
     </span>
     <span class='ocr_line' id='line_1_16' title="bbox 122 900 1739 957; baseline 0 -15"><span class='ocrx_word' id='word_1_110' title='bbox 122 911 143 943; x_wconf 85' lang='lat'>5</span> <span class='ocrx_word' id='word_1_111' title='bbox 169 901 417 954; x_wconf 88' lang='lat' dir='ltr'><strong>temporibus</strong></span> <span class='ocrx_word' id='word_1_112' title='bbox 454 900 622 942; x_wconf 91' lang='lat' dir='ltr'><strong>Neronis</strong></span> <span class='ocrx_word' id='word_1_113' title='bbox 661 901 897 942; x_wconf 88' lang='lat' dir='ltr'><strong>delationem</strong></span> <span class='ocrx_word' id='word_1_114' title='bbox 936 902 1200 957; x_wconf 82' lang='lat' dir='ltr'><strong>factitaverat,</strong></span> <span class='ocrx_word' id='word_1_115' title='bbox 1238 903 1285 943; x_wconf 88' lang='lat' dir='ltr'><strong>ad</strong></span> <span class='ocrx_word' id='word_1_116' title='bbox 1323 904 1589 956; x_wconf 86' lang='lat' dir='ltr'><strong>cognitionem</strong></span> <span class='ocrx_word' id='word_1_117' title='bbox 1626 915 1739 943; x_wconf 85' lang='lat' dir='ltr'><strong>sena-</strong></span> 
     </span>
     <span class='ocr_line' id='line_1_17' title="bbox 170 961 1740 1016; baseline 0.001 -15"><span class='ocrx_word' id='word_1_118' title='bbox 170 966 235 1001; x_wconf 83' lang='lat' dir='ltr'><strong>tus</strong></span> <span class='ocrx_word' id='word_1_119' title='bbox 274 961 454 1014; x_wconf 85' lang='lat' dir='ltr'><strong>vocabat3</strong></span> <span class='ocrx_word' id='word_1_120' title='bbox 491 973 582 1000; x_wconf 90' lang='lat' dir='ltr'><strong>nam</strong></span> <span class='ocrx_word' id='word_1_121' title='bbox 620 962 773 1001; x_wconf 86' lang='lat' dir='ltr'><strong>recenti</strong></span> <span class='ocrx_word' id='word_1_122' title='bbox 803 961 948 1001; x_wconf 88' lang='lat' dir='ltr'><strong>Galbae</strong></span> <span class='ocrx_word' id='word_1_123' title='bbox 978 963 1205 1014; x_wconf 80' lang='lat' dir='ltr'><strong>principatu</strong></span> <span class='ocrx_word' id='word_1_124' title='bbox 1237 967 1476 1003; x_wconf 84' lang='lat' dir='ltr'><strong>censuerant</strong></span> <span class='ocrx_word' id='word_1_125' title='bbox 1505 967 1657 1016; x_wconf 86' lang='lat' dir='ltr'><strong>patres,</strong></span> <span class='ocrx_word' id='word_1_126' title='bbox 1692 967 1740 1002; x_wconf 82' lang='lat' dir='ltr'><strong>ut</strong></span> 
     </span>
     <span class='ocr_line' id='line_1_18' title="bbox 170 1021 1739 1062; baseline 0.001 -2"><span class='ocrx_word' id='word_1_127' title='bbox 170 1025 448 1060; x_wconf 88' lang='lat' dir='ltr'><strong>accusatorum</strong></span> <span class='ocrx_word' id='word_1_128' title='bbox 479 1032 621 1059; x_wconf 87' lang='lat' dir='ltr'><strong>causae</strong></span> <span class='ocrx_word' id='word_1_129' title='bbox 653 1026 928 1061; x_wconf 89' lang='lat' dir='ltr'><strong>noscerentur.</strong></span> <span class='ocrx_word' id='word_1_130' title='bbox 978 1021 1019 1061; x_wconf 92' lang='lat' dir='ltr'><strong>id</strong></span> <span class='ocrx_word' id='word_1_131' title='bbox 1051 1027 1212 1062; x_wconf 87' lang='lat' dir='ltr'><strong>senatus</strong></span> <span class='ocrx_word' id='word_1_132' title='bbox 1238 1021 1464 1062; x_wconf 86' lang='lat' dir='ltr'><strong>consultum</strong></span> <span class='ocrx_word' id='word_1_133' title='bbox 1488 1023 1595 1062; x_wconf 87' lang='lat' dir='ltr'><strong>varie</strong></span> <span class='ocrx_word' id='word_1_134' title='bbox 1619 1023 1739 1062; x_wconf 74' lang='lat' dir='ltr'><strong>iacta-</strong></span> 
     </span>
     <span class='ocr_line' id='line_1_19' title="bbox 169 1079 1736 1134; baseline 0 -15"><span class='ocrx_word' id='word_1_135' title='bbox 169 1085 256 1119; x_wconf 85' lang='lat' dir='ltr'><strong>tum</strong></span> <span class='ocrx_word' id='word_1_136' title='bbox 287 1084 344 1133; x_wconf 88' lang='lat' dir='ltr'><strong>et,</strong></span> <span class='ocrx_word' id='word_1_137' title='bbox 382 1084 501 1132; x_wconf 86' lang='lat' dir='ltr'><strong>prout</strong></span> <span class='ocrx_word' id='word_1_138' title='bbox 532 1084 674 1131; x_wconf 89' lang='lat' dir='ltr'><strong>potens</strong></span> <span class='ocrx_word' id='word_1_139' title='bbox 706 1079 766 1118; x_wconf 93' lang='lat' dir='ltr'><strong>vel</strong></span> <span class='ocrx_word' id='word_1_140' title='bbox 798 1081 912 1131; x_wconf 90' lang='lat' dir='ltr'><strong>inops</strong></span> <span class='ocrx_word' id='word_1_141' title='bbox 945 1092 1037 1119; x_wconf 90' lang='lat' dir='ltr'><strong>reus</strong></span> <span class='ocrx_word' id='word_1_142' title='bbox 1069 1079 1282 1134; x_wconf 87' lang='lat' dir='ltr'><strong>inciderat,</strong></span> <span class='ocrx_word' id='word_1_143' title='bbox 1314 1081 1515 1121; x_wconf 83' lang='lat' dir='ltr'><strong>infirmum</strong></span> <span class='ocrx_word' id='word_1_144' title='bbox 1546 1086 1614 1121; x_wconf 89' lang='lat' dir='ltr'><strong>aut</strong></span> <span class='ocrx_word' id='word_1_145' title='bbox 1645 1080 1736 1120; x_wconf 88' lang='lat' dir='ltr'><strong>vali-</strong></span> 
     </span>
    </p>
   </div>
   <div class='ocr_carea' id='block_1_8' title="bbox 149 1181 923 2408">
    <p class='ocr_par' dir='ltr' id='par_1_8' title="bbox 170 1181 917 1275">
     <span class='ocr_line' id='line_1_20' title="bbox 215 1181 917 1245; baseline -0.001 -28"><span class='ocrx_word' id='word_1_146' title='bbox 215 1185 250 1219; x_wconf 92' lang='lat'><strong>4.</strong></span> <span class='ocrx_word' id='word_1_147' title='bbox 276 1182 317 1217; x_wconf 82' lang='lat' dir='ltr'><strong>in</strong></span> <span class='ocrx_word' id='word_1_148' title='bbox 336 1182 555 1217; x_wconf 84' lang='lat' dir='ltr'><strong>maestitiam</strong></span> <span class='ocrx_word' id='word_1_149' title='bbox 574 1181 806 1245; x_wconf 77' lang='lat' dir='ltr'><strong>compositus]</strong></span> <span class='ocrx_word' id='word_1_150' title='bbox 832 1181 917 1217; x_wconf 74' lang='lat' dir='ltr'><strong>‘mit</strong></span> 
     </span>
     <span class='ocr_line' id='line_1_21' title="bbox 170 1228 735 1275; baseline 0 -11"><span class='ocrx_word' id='word_1_151' title='bbox 170 1240 484 1275; x_wconf 85' lang='lat' dir='ltr'><strong>angenommener</strong></span> <span class='ocrx_word' id='word_1_152' title='bbox 509 1228 735 1264; x_wconf 74' lang='lat' dir='ltr'><strong>Betrubnis’.</strong></span> 
     </span>
    </p>

    <p class='ocr_par' dir='ltr' id='par_1_9' title="bbox 149 1274 920 1559">
     <span class='ocr_line' id='line_1_22' title="bbox 149 1274 916 1322; baseline -0.005 -7"><span class='ocrx_word' id='word_1_153' title='bbox 149 1313 151 1315; x_wconf 82' lang='lat'>.</span> <span class='ocrx_word' id='word_1_154' title='bbox 218 1280 250 1314; x_wconf 87' lang='lat'><strong>5.</strong></span> <span class='ocrx_word' id='word_1_155' title='bbox 276 1280 319 1312; x_wconf 79' lang='lat' dir='ltr'><strong>ut</strong></span> <span class='ocrx_word' id='word_1_156' title='bbox 343 1287 479 1312; x_wconf 74' lang='lat' dir='ltr'><strong>eum—</strong></span> <span class='ocrx_word' id='word_1_157' title='bbox 494 1276 676 1322; x_wconf 83' lang='lat' dir='ltr'><strong>sisterent]</strong></span> <span class='ocrx_word' id='word_1_158' title='bbox 702 1274 776 1310; x_wconf 90' lang='lat' dir='ltr'><strong>Der</strong></span> <span class='ocrx_word' id='word_1_159' title='bbox 802 1276 916 1311; x_wconf 75' lang='lat' dir='ltr'><strong>stren-</strong></span> 
     </span>
     <span class='ocr_line' id='line_1_23' title="bbox 170 1322 916 1370; baseline 0 -11"><span class='ocrx_word' id='word_1_160' title='bbox 170 1335 258 1370; x_wconf 84' lang='lat' dir='ltr'><strong>gere</strong></span> <span class='ocrx_word' id='word_1_161' title='bbox 278 1322 612 1370; x_wconf 82' lang='lat' dir='ltr'><strong>Sprachgebrauch</strong></span> <span class='ocrx_word' id='word_1_162' title='bbox 638 1322 786 1359; x_wconf 85' lang='lat' dir='ltr'><strong>Ciceros</strong></span> <span class='ocrx_word' id='word_1_163' title='bbox 811 1323 916 1359; x_wconf 72' lang='lat' dir='ltr'><strong>hatte</strong></span> 
     </span>
     <span class='ocr_line' id='line_1_24' title="bbox 169 1370 916 1417; baseline -0.003 -10"><span class='ocrx_word' id='word_1_164' title='bbox 169 1382 205 1407; x_wconf 86' lang='lat' dir='ltr'><strong>se</strong></span> <span class='ocrx_word' id='word_1_165' title='bbox 219 1371 307 1407; x_wconf 84' lang='lat' dir='ltr'><strong>oder</strong></span> <span class='ocrx_word' id='word_1_166' title='bbox 319 1372 441 1417; x_wconf 74' lang='lat' dir='ltr'><strong>ipsum</strong></span> <span class='ocrx_word' id='word_1_167' title='bbox 452 1370 635 1416; x_wconf 73' lang='lat' dir='ltr'><strong>verlangb.</strong></span> <span class='ocrx_word' id='word_1_168' title='bbox 662 1370 809 1405; x_wconf 83' lang='lat' dir='ltr'><strong>Ebenso</strong></span> <span class='ocrx_word' id='word_1_169' title='bbox 825 1381 855 1407; x_wconf 88' lang='lat' dir='ltr'><strong>c.</strong></span> <span class='ocrx_word' id='word_1_170' title='bbox 871 1373 916 1405; x_wconf 87' lang='lat'><strong>64</strong></span> 
     </span>
     <span class='ocr_line' id='line_1_25' title="bbox 169 1417 917 1464; baseline -0.001 -10"><span class='ocrx_word' id='word_1_171' title='bbox 169 1419 266 1464; x_wconf 78' lang='lat' dir='ltr'><strong>qaod</strong></span> <span class='ocrx_word' id='word_1_172' title='bbox 287 1429 437 1454; x_wconf 79' lang='lat' dir='ltr'><strong>uxorem</strong></span> <span class='ocrx_word' id='word_1_173' title='bbox 462 1419 540 1454; x_wconf 79' lang='lat' dir='ltr'><strong>eius</strong></span> <span class='ocrx_word' id='word_1_174' title='bbox 558 1428 643 1453; x_wconf 74' lang='lat' dir='ltr'><strong>moa·</strong></span> <span class='ocrx_word' id='word_1_175' title='bbox 661 1417 856 1453; x_wconf 83' lang='lat' dir='ltr'><strong>Dolabella</strong></span> <span class='ocrx_word' id='word_1_176' title='bbox 874 1418 917 1453; x_wconf 82' lang='lat' dir='ltr'><strong>in</strong></span> 
     </span>
     <span class='ocr_line' id='line_1_26' title="bbox 170 1464 914 1511; baseline 0 -10"><span class='ocrx_word' id='word_1_177' title='bbox 170 1466 444 1502; x_wconf 75' lang='lat' dir='ltr'><strong>matrimonium</strong></span> <span class='ocrx_word' id='word_1_178' title='bbox 469 1466 680 1511; x_wconf 52' lang='lat' dir='ltr'><strong>accepissem</strong></span> <span class='ocrx_word' id='word_1_179' title='bbox 711 1465 755 1500; x_wconf 92' lang='lat' dir='ltr'><strong>A.</strong></span> <span class='ocrx_word' id='word_1_180' title='bbox 780 1464 843 1510; x_wconf 90' lang='lat' dir='ltr'><strong>IV,</strong></span> <span class='ocrx_word' id='word_1_181' title='bbox 870 1469 914 1501; x_wconf 84' lang='grc'><strong>67</strong></span> 
     </span>
     <span class='ocr_line' id='line_1_27' title="bbox 170 1513 920 1568; baseline -0.001 -20"><span class='ocrx_word' id='word_1_182' title='bbox 170 1524 391 1568; x_wconf 77' lang='lat' dir='ltr'><strong>quamquam</strong></span> <span class='ocrx_word' id='word_1_183' title='bbox 409 1513 523 1549; x_wconf 82' lang='lat' dir='ltr'><strong>edicto</strong></span> <span class='ocrx_word' id='word_1_184' title='bbox 541 1513 749 1555; x_wconf 76' lang='lat' dir='ltr'><strong>monuisset,</strong></span> <span class='ocrx_word' id='word_1_185' title='bbox 773 1522 818 1547; x_wconf 87' lang='lat' dir='ltr'><strong>ne</strong></span> <span class='ocrx_word' id='word_1_186' title='bbox 836 1513 920 1557; x_wconf 76' lang='lat' dir='ltr'><strong>quis</strong></span> 
     </span>
    </p>

    <p class='ocr_par' dir='ltr' id='par_1_10' title="bbox 193 1539 918 1604">
     <span class='ocr_line' id='line_1_28' title="bbox 193 1539 918 1604; baseline -0.004 -8"><span class='ocrx_word' id='word_1_187' title='bbox 193 1561 321 1596; x_wconf 79' lang='lat' dir='ltr'><strong>uietem</strong></span> <span class='ocrx_word' id='word_1_188' title='bbox 340 1561 419 1596; x_wconf 77' lang='lat' dir='ltr'><strong>eius</strong></span> <span class='ocrx_word' id='word_1_189' title='bbox 430 1560 663 1604; x_wconf 75' lang='lat' dir='ltr'><strong>inrumperet.</strong></span> <span class='ocrx_word' id='word_1_190' title='bbox 691 1558 725 1594; x_wconf 88' lang='lat' dir='ltr'><strong>S.</strong></span> <span class='ocrx_word' id='word_1_191' title='bbox 738 1539 918 1604; x_wconf 65' lang='lat' dir='ltr'><strong>braeger,</strong></span> 
     </span>
    </p>

    <p class='ocr_par' dir='ltr' id='par_1_11' title="bbox 169 1572 919 1843">
     <span class='ocr_line' id='line_1_29' title="bbox 170 1572 919 1653; baseline -0.001 -10"><span class='ocrx_word' id='word_1_192' title='bbox 170 1572 247 1653; x_wconf 54' lang='lat' dir='ltr'><strong>{yn</strong></span> <span class='ocrx_word' id='word_1_193' title='bbox 248 1609 274 1643; x_wconf 72' lang='lat' dir='ltr'><strong>t.</strong></span> <span class='ocrx_word' id='word_1_194' title='bbox 291 1611 311 1651; x_wconf 68' lang='grc' dir='ltr'>ξ</span> <span class='ocrx_word' id='word_1_195' title='bbox 326 1609 382 1643; x_wconf 86' lang='grc'><strong>15</strong></span> <span class='ocrx_word' id='word_1_196' title='bbox 421 1606 546 1643; x_wconf 86' lang='lat' dir='ltr'><strong>Schon</strong></span> <span class='ocrx_word' id='word_1_197' title='bbox 565 1606 627 1642; x_wconf 90' lang='lat' dir='ltr'><strong>bei</strong></span> <span class='ocrx_word' id='word_1_198' title='bbox 641 1606 754 1642; x_wconf 67' lang='lat' dir='ltr'><strong>Casar</strong></span> <span class='ocrx_word' id='word_1_199' title='bbox 772 1606 919 1642; x_wconf 73' lang='lat' dir='ltr'><strong>kommt</strong></span> 
     </span>
     <span class='ocr_line' id='line_1_30' title="bbox 169 1653 914 1700; baseline -0.004 -9"><span class='ocrx_word' id='word_1_200' title='bbox 169 1658 202 1691; x_wconf 83' lang='lat' dir='ltr'><strong>is</strong></span> <span class='ocrx_word' id='word_1_201' title='bbox 232 1655 292 1690; x_wconf 79' lang='lat' dir='ltr'><strong>fur</strong></span> <span class='ocrx_word' id='word_1_202' title='bbox 324 1655 390 1690; x_wconf 80' lang='lat' dir='ltr'><strong>das</strong></span> <span class='ocrx_word' id='word_1_203' title='bbox 414 1654 794 1700; x_wconf 82' lang='lat' dir='ltr'><strong>Refiexivpronomen</strong></span> <span class='ocrx_word' id='word_1_204' title='bbox 818 1653 914 1689; x_wconf 88' lang='lat' dir='ltr'><strong>vier-</strong></span> 
     </span>
     <span class='ocr_line' id='line_1_31' title="bbox 169 1700 917 1746; baseline -0.003 -9"><span class='ocrx_word' id='word_1_205' title='bbox 169 1702 342 1738; x_wconf 83' lang='lat' dir='ltr'><strong>zehnmal</strong></span> <span class='ocrx_word' id='word_1_206' title='bbox 360 1713 437 1738; x_wconf 85' lang='lat' dir='ltr'><strong>vor.</strong></span> <span class='ocrx_word' id='word_1_207' title='bbox 470 1701 539 1736; x_wconf 88' lang='lat' dir='ltr'><strong>Die</strong></span> <span class='ocrx_word' id='word_1_208' title='bbox 553 1700 662 1746; x_wconf 65' lang='lat' dir='ltr'><strong>Prap.</strong></span> <span class='ocrx_word' id='word_1_209' title='bbox 681 1701 724 1736; x_wconf 86' lang='lat' dir='ltr'><strong>in</strong></span> <span class='ocrx_word' id='word_1_210' title='bbox 743 1700 813 1736; x_wconf 75' lang='lat' dir='ltr'><strong>mit</strong></span> <span class='ocrx_word' id='word_1_211' title='bbox 833 1701 917 1736; x_wconf 89' lang='lat' dir='ltr'><strong>dem</strong></span> 
     </span>
     <span class='ocr_line' id='line_1_32' title="bbox 170 1747 916 1793; baseline -0.003 -9"><span class='ocrx_word' id='word_1_212' title='bbox 170 1750 255 1785; x_wconf 90' lang='lat' dir='ltr'><strong>Abl.</strong></span> <span class='ocrx_word' id='word_1_213' title='bbox 282 1749 352 1785; x_wconf 86' lang='lat' dir='ltr'><strong>wie</strong></span> <span class='ocrx_word' id='word_1_214' title='bbox 377 1749 423 1786; x_wconf 93' lang='lat' dir='ltr'><strong>A.</strong></span> <span class='ocrx_word' id='word_1_215' title='bbox 448 1748 495 1793; x_wconf 91' lang='lat' dir='ltr'><strong>II,</strong></span> <span class='ocrx_word' id='word_1_216' title='bbox 523 1752 567 1784; x_wconf 98' lang='lat'><strong>14</strong></span> <span class='ocrx_word' id='word_1_217' title='bbox 591 1749 688 1784; x_wconf 84' lang='lat' dir='ltr'><strong>nach</strong></span> <span class='ocrx_word' id='word_1_218' title='bbox 713 1748 799 1783; x_wconf 89' lang='lat' dir='ltr'><strong>dem</strong></span> <span class='ocrx_word' id='word_1_219' title='bbox 823 1747 916 1783; x_wconf 87' lang='lat' dir='ltr'><strong>Vor·</strong></span> 
     </span>
     <span class='ocr_line' id='line_1_33' title="bbox 171 1795 723 1843; baseline -0.004 -11"><span class='ocrx_word' id='word_1_220' title='bbox 171 1807 295 1843; x_wconf 74' lang='lat' dir='ltr'><strong>gange</strong></span> <span class='ocrx_word' id='word_1_221' title='bbox 320 1796 470 1842; x_wconf 83' lang='lat' dir='ltr'><strong>Vergils</strong></span> <span class='ocrx_word' id='word_1_222' title='bbox 495 1796 573 1832; x_wconf 88' lang='lat' dir='ltr'><strong>und</strong></span> <span class='ocrx_word' id='word_1_223' title='bbox 599 1795 723 1831; x_wconf 83' lang='lat' dir='ltr'><strong>Ovids.</strong></span> 
     </span>
    </p>

    <p class='ocr_par' dir='ltr' id='par_1_12' title="bbox 171 1832 920 2022">
     <span class='ocr_line' id='line_1_34' title="bbox 220 1832 920 1889; baseline -0.004 -8"><span class='ocrx_word' id='word_1_224' title='bbox 220 1848 252 1881; x_wconf 84' lang='lat'><strong>6.</strong></span> <span class='ocrx_word' id='word_1_225' title='bbox 284 1847 457 1880; x_wconf 81' lang='lat' dir='ltr'><strong>nutantes</strong></span> <span class='ocrx_word' id='word_1_226' title='bbox 491 1854 555 1879; x_wconf 75' lang='lat' dir='ltr'><strong>sea</strong></span> <span class='ocrx_word' id='word_1_227' title='bbox 586 1843 685 1889; x_wconf 84' lang='lat' dir='ltr'><strong>dolo]</strong></span> <span class='ocrx_word' id='word_1_228' title='bbox 719 1832 817 1878; x_wconf 71' lang='lat' dir='ltr'><strong>Uber</strong></span> <span class='ocrx_word' id='word_1_229' title='bbox 848 1843 920 1878; x_wconf 89' lang='lat' dir='ltr'><strong>den</strong></span> 
     </span>
     <span class='ocr_line' id='line_1_35' title="bbox 171 1889 919 1927; baseline -0.004 0"><span class='ocrx_word' id='word_1_230' title='bbox 171 1890 346 1927; x_wconf 84' lang='lat' dir='ltr'><strong>Wechsel</strong></span> <span class='ocrx_word' id='word_1_231' title='bbox 376 1890 560 1926; x_wconf 87' lang='lat' dir='ltr'><strong>zwischen</strong></span> <span class='ocrx_word' id='word_1_232' title='bbox 592 1890 694 1925; x_wconf 73' lang='lat' dir='ltr'><strong>Part.</strong></span> <span class='ocrx_word' id='word_1_233' title='bbox 727 1889 805 1925; x_wconf 88' lang='lat' dir='ltr'><strong>und</strong></span> <span class='ocrx_word' id='word_1_234' title='bbox 834 1889 919 1925; x_wconf 92' lang='lat' dir='ltr'><strong>Abl.</strong></span> 
     </span>
     <span class='ocr_line' id='line_1_36' title="bbox 172 1938 920 1985; baseline 0 -11"><span class='ocrx_word' id='word_1_235' title='bbox 172 1950 199 1975; x_wconf 88' lang='lat' dir='ltr'><strong>s.</strong></span> <span class='ocrx_word' id='word_1_236' title='bbox 221 1951 265 1975; x_wconf 88' lang='lat' dir='ltr'><strong>zu</strong></span> <span class='ocrx_word' id='word_1_237' title='bbox 284 1938 574 1985; x_wconf 76' lang='lat' dir='ltr'><strong>1‚28,1;1·1ber</strong></span> <span class='ocrx_word' id='word_1_238' title='bbox 598 1948 662 1974; x_wconf 79' lang='lat' dir='ltr'><strong>seu</strong></span> <span class='ocrx_word' id='word_1_239' title='bbox 688 1938 782 1973; x_wconf 74' lang='lat' dir='ltr'><strong>stati:</strong></span> <span class='ocrx_word' id='word_1_240' title='bbox 805 1948 920 1974; x_wconf 80' lang='lat' dir='ltr'><strong>seu—</strong></span> 
     </span>
     <span class='ocr_line' id='line_1_37' title="bbox 171 1988 558 2031; baseline -0.003 -9"><span class='ocrx_word' id='word_1_241' title='bbox 171 1996 233 2022; x_wconf 79' lang='lat' dir='ltr'><strong>seu</strong></span> <span class='ocrx_word' id='word_1_242' title='bbox 258 1998 284 2022; x_wconf 90' lang='lat' dir='ltr'><strong>s.</strong></span> <span class='ocrx_word' id='word_1_243' title='bbox 312 1998 357 2021; x_wconf 89' lang='lat' dir='ltr'><strong>zu</strong></span> <span class='ocrx_word' id='word_1_244' title='bbox 384 1988 474 2031; x_wconf 89' lang='lat' dir='ltr'><strong>c.l‚</strong></span> <span class='ocrx_word' id='word_1_245' title='bbox 504 1989 558 2021; x_wconf 87' lang='grc'><strong>16.</strong></span> 
     </span>
    </p>

    <p class='ocr_par' dir='ltr' id='par_1_13' title="bbox 171 2030 923 2210">
     <span class='ocr_line' id='line_1_38' title="bbox 220 2030 921 2087; baseline -0.006 -17"><span class='ocrx_word' id='word_1_246' title='bbox 220 2037 251 2069; x_wconf 82' lang='grc'><strong>7.</strong></span> <span class='ocrx_word' id='word_1_247' title='bbox 283 2032 539 2087; x_wconf 73' lang='lat' dir='ltr'><strong>firmaverant]</strong></span> <span class='ocrx_word' id='word_1_248' title='bbox 573 2032 667 2068; x_wconf 58' lang='lat' dir='ltr'><strong>state</strong></span> <span class='ocrx_word' id='word_1_249' title='bbox 697 2031 762 2067; x_wconf 85' lang='lat' dir='ltr'><strong>des</strong></span> <span class='ocrx_word' id='word_1_250' title='bbox 787 2030 921 2076; x_wconf 89' lang='lat' dir='ltr'><strong>Komp.</strong></span> 
     </span>
     <span class='ocr_line' id='line_1_39' title="bbox 172 2078 922 2125; baseline -0.007 -8"><span class='ocrx_word' id='word_1_251' title='bbox 172 2081 440 2125; x_wconf 75' lang='lat' dir='ltr'><strong>adfisrmarnnt,</strong></span> <span class='ocrx_word' id='word_1_252' title='bbox 471 2080 541 2115; x_wconf 88' lang='lat' dir='ltr'><strong>wie</strong></span> <span class='ocrx_word' id='word_1_253' title='bbox 566 2078 838 2124; x_wconf 84' lang='lat' dir='ltr'>A.1‚81.111,</span> <span class='ocrx_word' id='word_1_254' title='bbox 867 2081 922 2114; x_wconf 92' lang='lat'><strong>14.</strong></span> 
     </span>
     <span class='ocr_line' id='line_1_40' title="bbox 171 2127 923 2173; baseline -0.003 -10"><span class='ocrx_word' id='word_1_255' title='bbox 171 2127 234 2173; x_wconf 92' lang='lat' dir='ltr'><strong>VI,</strong></span> <span class='ocrx_word' id='word_1_256' title='bbox 256 2132 288 2164; x_wconf 92' lang='grc'><strong>6.</strong></span> <span class='ocrx_word' id='word_1_257' title='bbox 310 2131 365 2164; x_wconf 84' lang='grc'><strong>28.</strong></span> <span class='ocrx_word' id='word_1_258' title='bbox 387 2130 444 2163; x_wconf 86' lang='grc'><strong>50.</strong></span> <span class='ocrx_word' id='word_1_259' title='bbox 484 2127 536 2162; x_wconf 88' lang='lat' dir='ltr'><strong>Zu</strong></span> <span class='ocrx_word' id='word_1_260' title='bbox 560 2136 764 2162; x_wconf 77' lang='lat' dir='ltr'><strong>reversuros</strong></span> <span class='ocrx_word' id='word_1_261' title='bbox 790 2136 866 2171; x_wconf 87' lang='lat' dir='ltr'><strong>erg.</strong></span> <span class='ocrx_word' id='word_1_262' title='bbox 887 2135 923 2161; x_wconf 83' lang='lat' dir='ltr'><strong>se</strong></span> 
     </span>
     <span class='ocr_line' id='line_1_41' title="bbox 171 2175 345 2210; baseline 0 0"><span class='ocrx_word' id='word_1_263' title='bbox 171 2185 238 2210; x_wconf 83' lang='lat' dir='ltr'><strong>aus</strong></span> <span class='ocrx_word' id='word_1_264' title='bbox 263 2175 345 2210; x_wconf 84' lang='lat' dir='ltr'><strong>sibi.</strong></span> 
     </span>
    </p>

    <p class='ocr_par' dir='ltr' id='par_1_14' title="bbox 220 2220 715 2268">
     <span class='ocr_line' id='line_1_42' title="bbox 220 2220 715 2268; baseline -0.004 -10"><span class='ocrx_word' id='word_1_265' title='bbox 220 2225 252 2258; x_wconf 91' lang='lat'><strong>8.</strong></span> <span class='ocrx_word' id='word_1_266' title='bbox 279 2232 324 2258; x_wconf 79' lang='lat' dir='ltr'><strong>ex</strong></span> <span class='ocrx_word' id='word_1_267' title='bbox 347 2221 434 2268; x_wconf 71' lang='lat' dir='ltr'><strong>fide]</strong></span> <span class='ocrx_word' id='word_1_268' title='bbox 464 2220 715 2266; x_wconf 76' lang='lat' dir='ltr'><strong>‘getreulich’.</strong></span> 
     </span>
    </p>

    <p class='ocr_par' dir='ltr' id='par_1_15' title="bbox 220 2268 682 2314">
     <span class='ocr_line' id='line_1_43' title="bbox 220 2268 682 2314; baseline -0.004 -10"><span class='ocrx_word' id='word_1_269' title='bbox 220 2272 252 2305; x_wconf 87' lang='lat'>9.</span> <span class='ocrx_word' id='word_1_270' title='bbox 280 2268 508 2314; x_wconf 73' lang='lat' dir='ltr'><strong>empuqnata]</strong></span> <span class='ocrx_word' id='word_1_271' title='bbox 537 2279 586 2303; x_wconf 87' lang='lat' dir='ltr'><strong>sc.</strong></span> <span class='ocrx_word' id='word_1_272' title='bbox 614 2269 682 2302; x_wconf 81' lang='lat' dir='ltr'><strong>est.</strong></span> 
     </span>
    </p>

    <p class='ocr_par' dir='ltr' id='par_1_16' title="bbox 170 2314 918 2408">
     <span class='ocr_line' id='line_1_44' title="bbox 222 2314 918 2352; baseline -0.003 0"><span class='ocrx_word' id='word_1_273' title='bbox 222 2319 278 2352; x_wconf 92' lang='lat'><strong>10.</strong></span> <span class='ocrx_word' id='word_1_274' title='bbox 303 2316 419 2352; x_wconf 76' lang='lat' dir='ltr'><strong>oculis</strong></span> <span class='ocrx_word' id='word_1_275' title='bbox 456 2326 505 2350; x_wconf 85' lang='lat' dir='ltr'><strong>sc.</strong></span> <span class='ocrx_word' id='word_1_276' title='bbox 525 2315 655 2351; x_wconf 83' lang='lat' dir='ltr'><strong>caesiis</strong></span> <span class='ocrx_word' id='word_1_277' title='bbox 674 2317 707 2350; x_wconf 87' lang='lat' dir='ltr'><strong>et</strong></span> <span class='ocrx_word' id='word_1_278' title='bbox 731 2314 918 2351; x_wconf 82' lang='lat' dir='ltr'><strong>hebetiori-</strong></span> 
     </span>
     <span class='ocr_line' id='line_1_45' title="bbox 170 2315 591 2408; baseline -0.005 -9"><span class='ocrx_word' id='word_1_279' title='bbox 170 2363 239 2399; x_wconf 79' lang='lat' dir='ltr'><strong>bus</strong></span> <span class='ocrx_word' id='word_1_280' title='bbox 264 2362 382 2408; x_wconf 77' lang='lat' dir='ltr'><strong>(Suet.</strong></span> <span class='ocrx_word' id='word_1_281' title='bbox 406 2315 494 2398; x_wconf 40' lang='lat' dir='ltr'><strong>ster.</strong></span> <span class='ocrx_word' id='word_1_282' title='bbox 521 2363 591 2408; x_wconf 86' lang='lat'>51).</span> 
     </span>
    </p>
   </div>
   <div class='ocr_carea' id='block_1_9' title="bbox 171 2479 921 2894">
    <p class='ocr_par' dir='ltr' id='par_1_17' title="bbox 171 2479 918 2573">
     <span class='ocr_line' id='line_1_46' title="bbox 219 2479 918 2527; baseline 0 -11"><span class='ocrx_word' id='word_1_283' title='bbox 219 2480 280 2518; x_wconf 88' lang='grc'><strong>10.</strong></span> <span class='ocrx_word' id='word_1_284' title='bbox 313 2484 345 2516; x_wconf 85' lang='lat'><strong>2.</strong></span> <span class='ocrx_word' id='word_1_285' title='bbox 379 2480 543 2527; x_wconf 84' lang='lat' dir='ltr'><strong>licentia]</strong></span> <span class='ocrx_word' id='word_1_286' title='bbox 572 2479 918 2526; x_wconf 79' lang='lat' dir='ltr'><strong>‘Schrankenlosig-</strong></span> 
     </span>
     <span class='ocr_line' id='line_1_47' title="bbox 171 2527 656 2574; baseline -0.002 -10"><span class='ocrx_word' id='word_1_287' title='bbox 171 2528 262 2574; x_wconf 77' lang='lat' dir='ltr'><strong>keit,</strong></span> <span class='ocrx_word' id='word_1_288' title='bbox 288 2527 656 2573; x_wconf 75' lang='lat' dir='ltr'><strong>Ungebundenheit’.</strong></span> 
     </span>
    </p>

    <p class='ocr_par' dir='ltr' id='par_1_18' title="bbox 220 2574 918 2622">
     <span class='ocr_line' id='line_1_48' title="bbox 220 2574 918 2622; baseline -0.003 -10"><span class='ocrx_word' id='word_1_289' title='bbox 220 2580 254 2613; x_wconf 88' lang='grc'><strong>3.</strong></span> <span class='ocrx_word' id='word_1_290' title='bbox 288 2576 504 2622; x_wconf 75' lang='lat' dir='ltr'><strong>ayebantar]</strong></span> <span class='ocrx_word' id='word_1_291' title='bbox 534 2575 687 2621; x_wconf 78' lang='lat' dir='ltr'><strong>‘gingen</strong></span> <span class='ocrx_word' id='word_1_292' title='bbox 705 2583 778 2611; x_wconf 84' lang='lat' dir='ltr'><strong>vor</strong></span> <span class='ocrx_word' id='word_1_293' title='bbox 810 2574 918 2611; x_wconf 81' lang='lat' dir='ltr'><strong>sich&#39;.</strong></span> 
     </span>
    </p>

    <p class='ocr_par' dir='ltr' id='par_1_19' title="bbox 171 2622 921 2894">
     <span class='ocr_line' id='line_1_49' title="bbox 226 2622 919 2669; baseline 0 -11"><span class='ocrx_word' id='word_1_294' title='bbox 226 2623 358 2659; x_wconf 77' lang='lat' dir='ltr'><strong>Vibius</strong></span> <span class='ocrx_word' id='word_1_295' title='bbox 384 2622 466 2658; x_wconf 73' lang='lat' dir='ltr'><strong>Cris</strong></span> <span class='ocrx_word' id='word_1_296' title='bbox 461 2622 552 2669; x_wconf 76' lang='lat' dir='ltr'><strong>pas]</strong></span> <span class='ocrx_word' id='word_1_297' title='bbox 579 2633 646 2658; x_wconf 81' lang='lat' dir='ltr'><strong>aus</strong></span> <span class='ocrx_word' id='word_1_298' title='bbox 663 2622 837 2667; x_wconf 86' lang='lat' dir='ltr'><strong>Vercelli‚</strong></span> <span class='ocrx_word' id='word_1_299' title='bbox 858 2623 919 2658; x_wconf 88' lang='lat' dir='ltr'><strong>ein</strong></span> 
     </span>
     <span class='ocr_line' id='line_1_50' title="bbox 171 2669 920 2715; baseline -0.001 -10"><span class='ocrx_word' id='word_1_300' title='bbox 171 2669 385 2706; x_wconf 68' lang='lat' dir='ltr'><strong>namhaflzer</strong></span> <span class='ocrx_word' id='word_1_301' title='bbox 397 2670 546 2706; x_wconf 86' lang='lat' dir='ltr'><strong>Redner</strong></span> <span class='ocrx_word' id='word_1_302' title='bbox 565 2669 640 2705; x_wconf 88' lang='lat' dir='ltr'><strong>und</strong></span> <span class='ocrx_word' id='word_1_303' title='bbox 666 2669 920 2715; x_wconf 74' lang='lat' dir='ltr'><strong>gefiirchteter</strong></span> 
     </span>
     <span class='ocr_line' id='line_1_51' title="bbox 172 2716 920 2763; baseline 0 -12"><span class='ocrx_word' id='word_1_304' title='bbox 172 2716 380 2763; x_wconf 60' lang='lat' dir='ltr'><strong>Ankliiger,</strong></span> <span class='ocrx_word' id='word_1_305' title='bbox 426 2718 554 2753; x_wconf 82' lang='lat' dir='ltr'><strong>consul</strong></span> <span class='ocrx_word' id='word_1_306' title='bbox 595 2718 768 2761; x_wconf 79' lang='lat' dir='ltr'><strong>suffectus</strong></span> <span class='ocrx_word' id='word_1_307' title='bbox 811 2718 920 2752; x_wconf 81' lang='lat' dir='ltr'><strong>unter</strong></span> 
     </span>
     <span class='ocr_line' id='line_1_52' title="bbox 172 2761 921 2809; baseline -0.003 -9"><span class='ocrx_word' id='word_1_308' title='bbox 172 2764 290 2807; x_wconf 85' lang='lat' dir='ltr'><strong>Nero,</strong></span> <span class='ocrx_word' id='word_1_309' title='bbox 327 2766 436 2800; x_wconf 76' lang='lat' dir='ltr'><strong>unter</strong></span> <span class='ocrx_word' id='word_1_310' title='bbox 466 2763 567 2809; x_wconf 81' lang='lat' dir='ltr'><strong>Vesp</strong></span> <span class='ocrx_word' id='word_1_311' title='bbox 570 2763 676 2799; x_wconf 79' lang='lat' dir='ltr'><strong>asian</strong></span> <span class='ocrx_word' id='word_1_312' title='bbox 712 2761 921 2800; x_wconf 81' lang='lat' dir='ltr'><strong>Prokonsul</strong></span> 
     </span>
     <span class='ocr_line' id='line_1_53' title="bbox 172 2809 921 2857; baseline -0.001 -10"><span class='ocrx_word' id='word_1_313' title='bbox 172 2821 247 2847; x_wconf 78' lang='lat' dir='ltr'><strong>von</strong></span> <span class='ocrx_word' id='word_1_314' title='bbox 262 2809 400 2856; x_wconf 78' lang='lat' dir='ltr'><strong>Africa,</strong></span> <span class='ocrx_word' id='word_1_315' title='bbox 423 2812 527 2851; x_wconf 76' lang='lat' dir='ltr'><strong>starb</strong></span> <span class='ocrx_word' id='word_1_316' title='bbox 547 2811 781 2857; x_wconf 74' lang='lat' dir='ltr'><strong>hochbetagt</strong></span> <span class='ocrx_word' id='word_1_317' title='bbox 799 2822 921 2857; x_wconf 87' lang='lat' dir='ltr'><strong>gegen</strong></span> 
     </span>
     <span class='ocr_line' id='line_1_54' title="bbox 172 2857 833 2894; baseline 0.002 -1"><span class='ocrx_word' id='word_1_318' title='bbox 172 2857 277 2894; x_wconf 84' lang='lat' dir='ltr'><strong>Ende</strong></span> <span class='ocrx_word' id='word_1_319' title='bbox 309 2858 374 2893; x_wconf 84' lang='lat' dir='ltr'><strong>des</strong></span> <span class='ocrx_word' id='word_1_320' title='bbox 400 2859 523 2894; x_wconf 75' lang='lat' dir='ltr'><strong>ersten</strong></span> <span class='ocrx_word' id='word_1_321' title='bbox 548 2858 833 2894; x_wconf 75' lang='lat' dir='ltr'><strong>Jahrhunderts.</strong></span> 
     </span>
    </p>
   </div>
   <div class='ocr_carea' id='block_1_10' title="bbox 984 1182 1739 1418">
    <p class='ocr_par' dir='ltr' id='par_1_20' title="bbox 984 1182 1739 1418">
     <span class='ocr_line' id='line_1_55' title="bbox 1035 1182 1739 1237; baseline 0.001 -19"><span class='ocrx_word' id='word_1_322' title='bbox 1035 1183 1132 1218; x_wconf 81' lang='lat' dir='ltr'><strong>inter</strong></span> <span class='ocrx_word' id='word_1_323' title='bbox 1156 1183 1274 1219; x_wconf 83' lang='lat' dir='ltr'><strong>claros</strong></span> <span class='ocrx_word' id='word_1_324' title='bbox 1290 1184 1455 1237; x_wconf 72' lang='lat' dir='ltr'><strong>mayisq</strong></span> <span class='ocrx_word' id='word_1_325' title='bbox 1434 1194 1543 1228; x_wconf 75' lang='lat' dir='ltr'><strong>quam</strong></span> <span class='ocrx_word' id='word_1_326' title='bbox 1560 1183 1657 1219; x_wconf 79' lang='lat' dir='ltr'><strong>inter</strong></span> <span class='ocrx_word' id='word_1_327' title='bbox 1677 1182 1739 1219; x_wconf 87' lang='lat' dir='ltr'><strong>bo·</strong></span> 
     </span>
     <span class='ocr_line' id='line_1_56' title="bbox 988 1229 1739 1276; baseline 0 -11"><span class='ocrx_word' id='word_1_328' title='bbox 988 1230 1071 1276; x_wconf 84' lang='lat' dir='ltr'><strong>nos]</strong></span> <span class='ocrx_word' id='word_1_329' title='bbox 1099 1229 1264 1266; x_wconf 83' lang='lat' dir='ltr'><strong>erinnert</strong></span> <span class='ocrx_word' id='word_1_330' title='bbox 1287 1230 1340 1265; x_wconf 86' lang='lat' dir='ltr'><strong>im</strong></span> <span class='ocrx_word' id='word_1_331' title='bbox 1359 1229 1557 1266; x_wconf 71' lang='lat' dir='ltr'><strong>Ausdruok</strong></span> <span class='ocrx_word' id='word_1_332' title='bbox 1576 1241 1625 1266; x_wconf 75' lang='lat' dir='ltr'><strong>an</strong></span> <span class='ocrx_word' id='word_1_333' title='bbox 1648 1229 1739 1266; x_wconf 77' lang='lat' dir='ltr'><strong>San.</strong></span> 
     </span>
     <span class='ocr_line' id='line_1_57' title="bbox 988 1276 1737 1333; baseline 0.003 -22"><span class='ocrx_word' id='word_1_334' title='bbox 988 1276 1068 1322; x_wconf 88' lang='lat' dir='ltr'>Iug.</span> <span class='ocrx_word' id='word_1_335' title='bbox 1093 1280 1115 1312; x_wconf 92' lang='lat'>8</span> <span class='ocrx_word' id='word_1_336' title='bbox 1154 1278 1248 1313; x_wconf 83' lang='lat' dir='ltr'><strong>clari</strong></span> <span class='ocrx_word' id='word_1_337' title='bbox 1284 1279 1402 1324; x_wconf 73' lang='lat' dir='ltr'><strong>mayis</strong></span> <span class='ocrx_word' id='word_1_338' title='bbox 1437 1289 1547 1333; x_wconf 72' lang='lat' dir='ltr'><strong>quam</strong></span> <span class='ocrx_word' id='word_1_339' title='bbox 1575 1277 1737 1320; x_wconf 72' lang='lat' dir='ltr'><strong>honesti,-</strong></span> 
     </span>
     <span class='ocr_line' id='line_1_58' title="bbox 988 1323 1738 1371; baseline 0.003 -12"><span class='ocrx_word' id='word_1_340' title='bbox 988 1324 1067 1360; x_wconf 88' lang='lat' dir='ltr'><strong>Liv.</strong></span> <span class='ocrx_word' id='word_1_341' title='bbox 1093 1323 1198 1369; x_wconf 89' lang='lat' dir='ltr'><strong>VIII,</strong></span> <span class='ocrx_word' id='word_1_342' title='bbox 1224 1328 1270 1360; x_wconf 78' lang='lat'><strong>27</strong></span> <span class='ocrx_word' id='word_1_343' title='bbox 1296 1325 1390 1361; x_wconf 82' lang='lat' dir='ltr'><strong>clari</strong></span> <span class='ocrx_word' id='word_1_344' title='bbox 1412 1325 1531 1371; x_wconf 78' lang='lat' dir='ltr'><strong>mayis</strong></span> <span class='ocrx_word' id='word_1_345' title='bbox 1553 1325 1652 1361; x_wconf 78' lang='lat' dir='ltr'><strong>inter</strong></span> <span class='ocrx_word' id='word_1_346' title='bbox 1668 1334 1738 1370; x_wconf 75' lang='lat' dir='ltr'><strong>po—</strong></span> 
     </span>
     <span class='ocr_line' id='line_1_59' title="bbox 984 1372 1444 1418; baseline 0.002 -11"><span class='ocrx_word' id='word_1_347' title='bbox 984 1373 1136 1416; x_wconf 82' lang='lat' dir='ltr'><strong>pulares</strong></span> <span class='ocrx_word' id='word_1_348' title='bbox 1160 1383 1270 1418; x_wconf 77' lang='lat' dir='ltr'><strong>qaam</strong></span> <span class='ocrx_word' id='word_1_349' title='bbox 1294 1372 1444 1409; x_wconf 74' lang='lat' dir='ltr'><strong>honesti.</strong></span> 
     </span>
    </p>
   </div>
   <div class='ocr_carea' id='block_1_11' title="bbox 989 1423 1739 2420">
    <p class='ocr_par' dir='ltr' id='par_1_21' title="bbox 990 1423 1739 1602">
     <span class='ocr_line' id='line_1_60' title="bbox 1037 1423 1739 1470; baseline 0 -10"><span class='ocrx_word' id='word_1_350' title='bbox 1037 1428 1070 1461; x_wconf 93' lang='lat'><strong>5.</strong></span> <span class='ocrx_word' id='word_1_351' title='bbox 1104 1426 1319 1462; x_wconf 76' lang='lat' dir='ltr'><strong>delationem</strong></span> <span class='ocrx_word' id='word_1_352' title='bbox 1342 1426 1534 1470; x_wconf 80' lang='lat' dir='ltr'><strong>factitare,</strong></span> <span class='ocrx_word' id='word_1_353' title='bbox 1567 1425 1637 1461; x_wconf 80' lang='lat' dir='ltr'><strong>wie</strong></span> <span class='ocrx_word' id='word_1_354' title='bbox 1663 1423 1739 1460; x_wconf 87' lang='lat' dir='ltr'><strong>Cic.</strong></span> 
     </span>
     <span class='ocr_line' id='line_1_61' title="bbox 991 1471 1739 1516; baseline 0.003 -10"><span class='ocrx_word' id='word_1_355' title='bbox 991 1471 1094 1507; x_wconf 76' lang='lat' dir='ltr'><strong>Brut</strong></span> <span class='ocrx_word' id='word_1_356' title='bbox 1123 1475 1142 1515; x_wconf 65' lang='grc' dir='ltr'>ξ</span> <span class='ocrx_word' id='word_1_357' title='bbox 1171 1476 1239 1508; x_wconf 91' lang='grc'><strong>130</strong></span> <span class='ocrx_word' id='word_1_358' title='bbox 1264 1474 1531 1509; x_wconf 78' lang='lat' dir='ltr'><strong>accusationem</strong></span> <span class='ocrx_word' id='word_1_359' title='bbox 1554 1472 1739 1516; x_wconf 75' lang='lat' dir='ltr'><strong>factitare,</strong></span> 
     </span>
     <span class='ocr_line' id='line_1_62' title="bbox 994 1518 1739 1565; baseline 0 -10"><span class='ocrx_word' id='word_1_360' title='bbox 994 1519 1071 1555; x_wconf 81' lang='lat' dir='ltr'><strong>‘ein</strong></span> <span class='ocrx_word' id='word_1_361' title='bbox 1095 1518 1309 1556; x_wconf 82' lang='lat' dir='ltr'><strong>Handwerk</strong></span> <span class='ocrx_word' id='word_1_362' title='bbox 1334 1531 1402 1555; x_wconf 82' lang='lat' dir='ltr'><strong>aus</strong></span> <span class='ocrx_word' id='word_1_363' title='bbox 1427 1520 1513 1555; x_wconf 82' lang='lat' dir='ltr'><strong>dem</strong></span> <span class='ocrx_word' id='word_1_364' title='bbox 1538 1518 1739 1565; x_wconf 74' lang='lat' dir='ltr'><strong>Anklagen</strong></span> 
     </span>
     <span class='ocr_line' id='line_1_63' title="bbox 990 1567 1180 1602; baseline 0 -1"><span class='ocrx_word' id='word_1_365' title='bbox 990 1567 1166 1602; x_wconf 81' lang='lat' dir='ltr'><strong>machen’</strong></span> <span class='ocrx_word' id='word_1_366' title='bbox 1172 1594 1180 1602; x_wconf 97' lang='lat'><strong>.</strong></span> 
     </span>
    </p>

    <p class='ocr_par' dir='ltr' id='par_1_22' title="bbox 989 1612 1739 1706">
     <span class='ocr_line' id='line_1_64' title="bbox 1037 1612 1739 1661; baseline -0.001 -12"><span class='ocrx_word' id='word_1_367' title='bbox 1037 1615 1197 1659; x_wconf 78' lang='lat' dir='ltr'><strong>coynitio</strong></span> <span class='ocrx_word' id='word_1_368' title='bbox 1214 1614 1378 1661; x_wconf 78' lang='lat' dir='ltr'><strong>senatus]</strong></span> <span class='ocrx_word' id='word_1_369' title='bbox 1396 1612 1739 1660; x_wconf 73' lang='lat' dir='ltr'><strong>‘gerichtlicheUn-</strong></span> 
     </span>
     <span class='ocr_line' id='line_1_65' title="bbox 989 1661 1595 1706; baseline 0 -10"><span class='ocrx_word' id='word_1_370' title='bbox 989 1662 1222 1706; x_wconf 77' lang='lat' dir='ltr'><strong>tersuchung</strong></span> <span class='ocrx_word' id='word_1_371' title='bbox 1245 1673 1314 1697; x_wconf 84' lang='lat' dir='ltr'><strong>vor</strong></span> <span class='ocrx_word' id='word_1_372' title='bbox 1338 1662 1423 1697; x_wconf 91' lang='lat' dir='ltr'><strong>dem</strong></span> <span class='ocrx_word' id='word_1_373' title='bbox 1449 1661 1595 1697; x_wconf 75' lang='lat' dir='ltr'><strong>Senat’.</strong></span> 
     </span>
    </p>

    <p class='ocr_par' dir='ltr' id='par_1_23' title="bbox 991 1713 1739 2325">
     <span class='ocr_line' id='line_1_66' title="bbox 1040 1713 1739 1761; baseline 0 -12"><span class='ocrx_word' id='word_1_374' title='bbox 1040 1718 1072 1749; x_wconf 90' lang='grc'><strong>6.</strong></span> <span class='ocrx_word' id='word_1_375' title='bbox 1094 1726 1115 1749; x_wconf 83' lang='lat' dir='ltr'><strong>r</strong></span> <span class='ocrx_word' id='word_1_376' title='bbox 1117 1715 1231 1750; x_wconf 86' lang='lat' dir='ltr'><strong>eeenti</strong></span> <span class='ocrx_word' id='word_1_377' title='bbox 1244 1714 1383 1750; x_wconf 86' lang='lat' dir='ltr'><strong>Galbae</strong></span> <span class='ocrx_word' id='word_1_378' title='bbox 1399 1713 1634 1761; x_wconf 75' lang='lat' dir='ltr'><strong>principatu]</strong></span> <span class='ocrx_word' id='word_1_379' title='bbox 1648 1713 1739 1749; x_wconf 65' lang='lat' dir='ltr'><strong>Um·</strong></span> 
     </span>
     <span class='ocr_line' id='line_1_67' title="bbox 992 1761 1736 1807; baseline -0.001 -11"><span class='ocrx_word' id='word_1_380' title='bbox 992 1761 1068 1796; x_wconf 88' lang='lat' dir='ltr'><strong>lich</strong></span> <span class='ocrx_word' id='word_1_381' title='bbox 1088 1761 1159 1797; x_wconf 84' lang='lat' dir='ltr'><strong>wie</strong></span> <span class='ocrx_word' id='word_1_382' title='bbox 1178 1771 1270 1798; x_wconf 78' lang='lat' dir='ltr'><strong>novo</strong></span> <span class='ocrx_word' id='word_1_383' title='bbox 1287 1762 1508 1807; x_wconf 76' lang='lat' dir='ltr'><strong>principatu</strong></span> <span class='ocrx_word' id='word_1_384' title='bbox 1526 1761 1619 1806; x_wconf 83' lang='lat' dir='ltr'>(vgl.</span> <span class='ocrx_word' id='word_1_385' title='bbox 1634 1771 1665 1796; x_wconf 85' lang='lat' dir='ltr'><strong>c.</strong></span> <span class='ocrx_word' id='word_1_386' title='bbox 1678 1763 1736 1796; x_wconf 82' lang='grc'><strong>64.</strong></span> 
     </span>
     <span class='ocr_line' id='line_1_68' title="bbox 993 1805 1739 1853; baseline -0.003 -9"><span class='ocrx_word' id='word_1_387' title='bbox 993 1805 1739 1853; x_wconf 72' lang='lat' dir='ltr'><strong>V‚10.A.,16.X111,1)‚nurdars</strong></span> 
     </span>
     <span class='ocr_line' id='line_1_69' title="bbox 993 1836 1739 1899; baseline -0.003 -8"><span class='ocrx_word' id='word_1_388' title='bbox 993 1856 1110 1891; x_wconf 88' lang='lat' dir='ltr'><strong>durch</strong></span> <span class='ocrx_word' id='word_1_389' title='bbox 1129 1857 1263 1892; x_wconf 82' lang='lat' dir='ltr'><strong>recenti</strong></span> <span class='ocrx_word' id='word_1_390' title='bbox 1285 1836 1504 1892; x_wconf 63' lang='lat' dir='ltr'><strong>bezeich’net</strong></span> <span class='ocrx_word' id='word_1_391' title='bbox 1526 1853 1632 1899; x_wconf 81' lang='lat' dir='ltr'><strong>wird‚</strong></span> <span class='ocrx_word' id='word_1_392' title='bbox 1658 1852 1739 1890; x_wconf 70' lang='lat' dir='ltr'><strong>date</strong></span> 
     </span>
     <span class='ocr_line' id='line_1_70' title="bbox 994 1882 1738 1950; baseline -0.003 -11"><span class='ocrx_word' id='word_1_393' title='bbox 994 1903 1134 1939; x_wconf 70' lang='lat' dir='ltr'><strong>Galbae</strong></span> <span class='ocrx_word' id='word_1_394' title='bbox 1152 1904 1370 1950; x_wconf 85' lang='lat' dir='ltr'><strong>Regierung</strong></span> <span class='ocrx_word' id='word_1_395' title='bbox 1393 1901 1537 1939; x_wconf 77' lang='lat' dir='ltr'><strong>damals</strong></span> <span class='ocrx_word' id='word_1_396' title='bbox 1563 1882 1641 1938; x_wconf 75' lang='lat' dir='ltr'><strong>ers’t</strong></span> <span class='ocrx_word' id='word_1_397' title='bbox 1665 1900 1738 1937; x_wconf 75' lang='lat' dir='ltr'><strong>seit</strong></span> 
     </span>
     <span class='ocr_line' id='line_1_71' title="bbox 994 1947 1739 1986; baseline -0.004 0"><span class='ocrx_word' id='word_1_398' title='bbox 994 1952 1146 1986; x_wconf 88' lang='lat' dir='ltr'><strong>kurzem</strong></span> <span class='ocrx_word' id='word_1_399' title='bbox 1170 1951 1381 1986; x_wconf 74' lang='lat' dir='ltr'><strong>bestanden</strong></span> <span class='ocrx_word' id='word_1_400' title='bbox 1403 1950 1512 1986; x_wconf 80' lang='lat' dir='ltr'><strong>habe.</strong></span> <span class='ocrx_word' id='word_1_401' title='bbox 1544 1949 1657 1985; x_wconf 80' lang='lat' dir='ltr'><strong>Jener</strong></span> <span class='ocrx_word' id='word_1_402' title='bbox 1675 1947 1739 1983; x_wconf 89' lang='lat' dir='ltr'><strong>Se-</strong></span> 
     </span>
     <span class='ocr_line' id='line_1_72' title="bbox 994 1997 1739 2034; baseline -0.003 0"><span class='ocrx_word' id='word_1_403' title='bbox 994 1997 1270 2034; x_wconf 72' lang='lat' dir='ltr'><strong>natsbeschlurs</strong></span> <span class='ocrx_word' id='word_1_404' title='bbox 1302 1997 1366 2034; x_wconf 87' lang='lat' dir='ltr'><strong>fiel</strong></span> <span class='ocrx_word' id='word_1_405' title='bbox 1390 1997 1470 2033; x_wconf 75' lang='lat' dir='ltr'><strong>also</strong></span> <span class='ocrx_word' id='word_1_406' title='bbox 1494 1997 1536 2033; x_wconf 87' lang='lat' dir='ltr'><strong>in</strong></span> <span class='ocrx_word' id='word_1_407' title='bbox 1554 1997 1616 2032; x_wconf 80' lang='lat' dir='ltr'><strong>die</strong></span> <span class='ocrx_word' id='word_1_408' title='bbox 1641 1997 1739 2032; x_wconf 74' lang='lat' dir='ltr'><strong>erate</strong></span> 
     </span>
     <span class='ocr_line' id='line_1_73' title="bbox 995 2045 1738 2088; baseline -0.003 -7"><span class='ocrx_word' id='word_1_409' title='bbox 995 2046 1076 2081; x_wconf 77' lang='lat' dir='ltr'><strong>Zeit</strong></span> <span class='ocrx_word' id='word_1_410' title='bbox 1100 2046 1167 2081; x_wconf 86' lang='lat' dir='ltr'><strong>der</strong></span> <span class='ocrx_word' id='word_1_411' title='bbox 1191 2056 1312 2081; x_wconf 87' lang='lat' dir='ltr'><strong>neuen</strong></span> <span class='ocrx_word' id='word_1_412' title='bbox 1331 2045 1440 2081; x_wconf 80' lang='lat' dir='ltr'><strong>Aera.</strong></span> <span class='ocrx_word' id='word_1_413' title='bbox 1478 2045 1571 2080; x_wconf 86' lang='lat' dir='ltr'><strong>Zum</strong></span> <span class='ocrx_word' id='word_1_414' title='bbox 1594 2045 1738 2088; x_wconf 78' lang='lat' dir='ltr'><strong>tempo-</strong></span> 
     </span>
     <span class='ocr_line' id='line_1_74' title="bbox 995 2090 1738 2138; baseline -0.003 -10"><span class='ocrx_word' id='word_1_415' title='bbox 995 2092 1099 2129; x_wconf 83' lang='lat' dir='ltr'><strong>ralen</strong></span> <span class='ocrx_word' id='word_1_416' title='bbox 1112 2093 1195 2128; x_wconf 92' lang='lat' dir='ltr'><strong>Abl.</strong></span> <span class='ocrx_word' id='word_1_417' title='bbox 1211 2093 1284 2138; x_wconf 85' lang='lat' dir='ltr'>vgl.</span> <span class='ocrx_word' id='word_1_418' title='bbox 1298 2093 1361 2136; x_wconf 93' lang='lat' dir='ltr'><strong>IV,</strong></span> <span class='ocrx_word' id='word_1_419' title='bbox 1378 2095 1397 2126; x_wconf 92' lang='lat'>1</span> <span class='ocrx_word' id='word_1_420' title='bbox 1410 2091 1612 2127; x_wconf 70' lang='lat' dir='ltr'><strong>recentibus</strong></span> <span class='ocrx_word' id='word_1_421' title='bbox 1621 2090 1738 2135; x_wconf 49' lang='lat' dir='ltr'><strong>addin</strong></span> 
     </span>
     <span class='ocr_line' id='line_1_75' title="bbox 993 2119 1737 2185; baseline -0.004 -10"><span class='ocrx_word' id='word_1_422' title='bbox 993 2141 1036 2175; x_wconf 91' lang='lat' dir='ltr'><strong>A.</strong></span> <span class='ocrx_word' id='word_1_423' title='bbox 1064 2140 1117 2185; x_wconf 90' lang='lat' dir='ltr'><strong>II,</strong></span> <span class='ocrx_word' id='word_1_424' title='bbox 1143 2143 1189 2175; x_wconf 86' lang='lat'><strong>84</strong></span> <span class='ocrx_word' id='word_1_425' title='bbox 1222 2119 1361 2175; x_wconf 75' lang='lat' dir='ltr'><strong>recenti</strong></span> <span class='ocrx_word' id='word_1_426' title='bbox 1388 2139 1590 2182; x_wconf 78' lang='lat' dir='ltr'><strong>maestitia;</strong></span> <span class='ocrx_word' id='word_1_427' title='bbox 1625 2136 1690 2181; x_wconf 85' lang='lat' dir='ltr'><strong>IV,</strong></span> <span class='ocrx_word' id='word_1_428' title='bbox 1715 2140 1737 2172; x_wconf 91' lang='grc'>8</span> 
     </span>
     <span class='ocr_line' id='line_1_76' title="bbox 991 2164 1737 2229; baseline -0.005 -6"><span class='ocrx_word' id='word_1_429' title='bbox 991 2168 1126 2223; x_wconf 70' lang='lat' dir='ltr'><strong>recent’i</strong></span> <span class='ocrx_word' id='word_1_430' title='bbox 1141 2187 1281 2229; x_wconf 84' lang='lat' dir='ltr'><strong>dolore;</strong></span> <span class='ocrx_word' id='word_1_431' title='bbox 1300 2197 1330 2222; x_wconf 87' lang='lat' dir='ltr'><strong>c.</strong></span> <span class='ocrx_word' id='word_1_432' title='bbox 1346 2189 1389 2221; x_wconf 89' lang='lat'><strong>15</strong></span> <span class='ocrx_word' id='word_1_433' title='bbox 1407 2164 1737 2222; x_wconf 63' lang='lat' dir='ltr'><strong>recentiniemor&#39;ia.</strong></span> 
     </span>
     <span class='ocr_line' id='line_1_77' title="bbox 992 2231 1739 2279; baseline -0.005 -9"><span class='ocrx_word' id='word_1_434' title='bbox 992 2234 1034 2270; x_wconf 87' lang='lat' dir='ltr'><strong>In</strong></span> <span class='ocrx_word' id='word_1_435' title='bbox 1044 2234 1163 2279; x_wconf 87' lang='lat' dir='ltr'><strong>bezug</strong></span> <span class='ocrx_word' id='word_1_436' title='bbox 1173 2233 1240 2269; x_wconf 83' lang='lat' dir='ltr'><strong>auf</strong></span> <span class='ocrx_word' id='word_1_437' title='bbox 1246 2233 1480 2279; x_wconf 82' lang='lat' dir='ltr'><strong>Nipperdeys</strong></span> <span class='ocrx_word' id='word_1_438' title='bbox 1489 2231 1739 2268; x_wconf 73' lang='lat' dir='ltr'><strong>Emendation</strong></span> 
     </span>
     <span class='ocr_line' id='line_1_78' title="bbox 993 2246 1737 2325; baseline -0.004 -9"><span class='ocrx_word' id='word_1_439' title='bbox 993 2282 1057 2317; x_wconf 82' lang='lat' dir='ltr'><strong>des</strong></span> <span class='ocrx_word' id='word_1_440' title='bbox 1076 2246 1274 2316; x_wconf 76' lang='lat' dir='ltr'><strong>hangdschr.</strong></span> <span class='ocrx_word' id='word_1_441' title='bbox 1302 2291 1424 2317; x_wconf 82' lang='lat' dir='ltr'><strong>recens</strong></span> <span class='ocrx_word' id='word_1_442' title='bbox 1442 2291 1470 2316; x_wconf 82' lang='grc' dir='ltr'><strong>ε.</strong></span> <span class='ocrx_word' id='word_1_443' title='bbox 1490 2292 1536 2316; x_wconf 84' lang='lat' dir='ltr'><strong>zu</strong></span> <span class='ocrx_word' id='word_1_444' title='bbox 1553 2279 1581 2325; x_wconf 87' lang='grc' dir='ltr'><strong>Ι,</strong></span> <span class='ocrx_word' id='word_1_445' title='bbox 1602 2282 1659 2323; x_wconf 81' lang='grc'>77,</span> <span class='ocrx_word' id='word_1_446' title='bbox 1681 2281 1737 2315; x_wconf 89' lang='lat'><strong>13.</strong></span> 
     </span>
    </p>

    <p class='ocr_par' dir='ltr' id='par_1_24' title="bbox 994 2325 1738 2420">
     <span class='ocr_line' id='line_1_79' title="bbox 1039 2325 1738 2375; baseline -0.006 -10"><span class='ocrx_word' id='word_1_447' title='bbox 1039 2329 1096 2375; x_wconf 81' lang='lat' dir='ltr'><strong>ut]</strong></span> <span class='ocrx_word' id='word_1_448' title='bbox 1129 2329 1200 2364; x_wconf 84' lang='lat' dir='ltr'><strong>wie</strong></span> <span class='ocrx_word' id='word_1_449' title='bbox 1226 2327 1289 2373; x_wconf 90' lang='lat' dir='ltr'><strong>lV,</strong></span> <span class='ocrx_word' id='word_1_450' title='bbox 1315 2332 1354 2371; x_wconf 88' lang='lat'><strong>9,</strong></span> <span class='ocrx_word' id='word_1_451' title='bbox 1380 2331 1413 2363; x_wconf 90' lang='lat'>8.</span> <span class='ocrx_word' id='word_1_452' title='bbox 1446 2331 1510 2372; x_wconf 85' lang='lat'><strong>40,</strong></span> <span class='ocrx_word' id='word_1_453' title='bbox 1535 2330 1568 2363; x_wconf 95' lang='lat'><strong>5.</strong></span> <span class='ocrx_word' id='word_1_454' title='bbox 1601 2325 1676 2362; x_wconf 84' lang='lat' dir='ltr'><strong>Cic.</strong></span> <span class='ocrx_word' id='word_1_455' title='bbox 1701 2337 1738 2371; x_wconf 87' lang='lat' dir='ltr'><strong>p.</strong></span> 
     </span>
     <span class='ocr_line' id='line_1_80' title="bbox 994 2374 1558 2420; baseline -0.005 -8"><span class='ocrx_word' id='word_1_456' title='bbox 994 2376 1088 2412; x_wconf 72' lang='lat' dir='ltr'><strong>sest.</strong></span> <span class='ocrx_word' id='word_1_457' title='bbox 1116 2379 1219 2420; x_wconf 65' lang='lat'>§74</span> <span class='ocrx_word' id='word_1_458' title='bbox 1258 2375 1293 2410; x_wconf 88' lang='lat' dir='ltr'><strong>S.</strong></span> <span class='ocrx_word' id='word_1_459' title='bbox 1320 2374 1416 2419; x_wconf 86' lang='lat' dir='ltr'><strong>zuI,</strong></span> <span class='ocrx_word' id='word_1_460' title='bbox 1441 2378 1498 2419; x_wconf 81' lang='lat'><strong>39,</strong></span> <span class='ocrx_word' id='word_1_461' title='bbox 1523 2378 1558 2410; x_wconf 87' lang='lat'><strong>4.</strong></span> 
     </span>
    </p>
   </div>
   <div class='ocr_carea' id='block_1_12' title="bbox 991 2424 1739 2905">
    <p class='ocr_par' dir='ltr' id='par_1_25' title="bbox 991 2424 1738 2662">
     <span class='ocr_line' id='line_1_81' title="bbox 1041 2424 1737 2474; baseline -0.007 -9"><span class='ocrx_word' id='word_1_462' title='bbox 1041 2434 1072 2465; x_wconf 82' lang='lat'><strong>7.</strong></span> <span class='ocrx_word' id='word_1_463' title='bbox 1100 2432 1352 2465; x_wconf 73' lang='lat' dir='ltr'><strong>accusatorum</strong></span> <span class='ocrx_word' id='word_1_464' title='bbox 1382 2427 1530 2474; x_wconf 83' lang='lat' dir='ltr'><strong>causae]</strong></span> <span class='ocrx_word' id='word_1_465' title='bbox 1563 2424 1737 2472; x_wconf 86' lang='lat' dir='ltr'>Vg1.1v‚</span> 
     </span>
     <span class='ocr_line' id='line_1_82' title="bbox 992 2473 1739 2522; baseline -0.005 -10"><span class='ocrx_word' id='word_1_466' title='bbox 992 2481 1036 2512; x_wconf 79' lang='lat'><strong>42</strong></span> <span class='ocrx_word' id='word_1_467' title='bbox 1075 2477 1322 2522; x_wconf 78' lang='lat' dir='ltr'><strong>elanyuimus,</strong></span> <span class='ocrx_word' id='word_1_468' title='bbox 1360 2479 1488 2520; x_wconf 77' lang='lat' dir='ltr'><strong>patres</strong></span> <span class='ocrx_word' id='word_1_469' title='bbox 1529 2473 1712 2518; x_wconf 57' lang='lat' dir='ltr'><strong>conscript</strong></span> <span class='ocrx_word' id='word_1_470' title='bbox 1712 2473 1739 2516; x_wconf 78' lang='lat' dir='ltr'><strong>i,</strong></span> 
     </span>
     <span class='ocr_line' id='line_1_83' title="bbox 992 2520 1738 2566; baseline -0.007 -6"><span class='ocrx_word' id='word_1_471' title='bbox 992 2535 1056 2560; x_wconf 69' lang='lat' dir='ltr'><strong>uec</strong></span> <span class='ocrx_word' id='word_1_472' title='bbox 1091 2525 1168 2559; x_wconf 83' lang='lat' dir='ltr'><strong>iam</strong></span> <span class='ocrx_word' id='word_1_473' title='bbox 1203 2524 1265 2560; x_wconf 86' lang='lat' dir='ltr'><strong>ille</strong></span> <span class='ocrx_word' id='word_1_474' title='bbox 1300 2526 1447 2559; x_wconf 78' lang='lat' dir='ltr'><strong>senatus</strong></span> <span class='ocrx_word' id='word_1_475' title='bbox 1488 2531 1629 2565; x_wconf 78' lang='lat' dir='ltr'><strong>sumus,</strong></span> <span class='ocrx_word' id='word_1_476' title='bbox 1672 2520 1738 2566; x_wconf 71' lang='lat' dir='ltr'><strong>qui</strong></span> 
     </span>
     <span class='ocr_line' id='line_1_84' title="bbox 992 2568 1738 2608; baseline -0.008 0"><span class='ocrx_word' id='word_1_477' title='bbox 992 2572 1107 2608; x_wconf 84' lang='lat' dir='ltr'><strong>occiso</strong></span> <span class='ocrx_word' id='word_1_478' title='bbox 1125 2571 1272 2607; x_wconf 84' lang='lat' dir='ltr'><strong>Nerone</strong></span> <span class='ocrx_word' id='word_1_479' title='bbox 1295 2571 1470 2606; x_wconf 83' lang='lat' dir='ltr'><strong>delatores</strong></span> <span class='ocrx_word' id='word_1_480' title='bbox 1494 2572 1527 2604; x_wconf 82' lang='lat' dir='ltr'><strong>et</strong></span> <span class='ocrx_word' id='word_1_481' title='bbox 1550 2568 1738 2604; x_wconf 68' lang='lat' dir='ltr'><strong>ministros</strong></span> 
     </span>
     <span class='ocr_line' id='line_1_85' title="bbox 991 2614 1735 2662; baseline -0.008 -7"><span class='ocrx_word' id='word_1_482' title='bbox 991 2630 1088 2655; x_wconf 87' lang='lat' dir='ltr'><strong>more</strong></span> <span class='ocrx_word' id='word_1_483' title='bbox 1105 2618 1286 2654; x_wconf 76' lang='lat' dir='ltr'><strong>maiorum</strong></span> <span class='ocrx_word' id='word_1_484' title='bbox 1303 2617 1515 2662; x_wconf 78' lang='lat' dir='ltr'><strong>pwniendos</strong></span> <span class='ocrx_word' id='word_1_485' title='bbox 1532 2614 1735 2660; x_wconf 72' lang='lat' dir='ltr'><strong>flayitabat.</strong></span> 
     </span>
    </p>

    <p class='ocr_par' dir='ltr' id='par_1_26' title="bbox 991 2666 1735 2763">
     <span class='ocr_line' id='line_1_86' title="bbox 1038 2666 1735 2716; baseline -0.009 -9"><span class='ocrx_word' id='word_1_486' title='bbox 1038 2672 1139 2708; x_wconf 78' lang='lat' dir='ltr'><strong>varie</strong></span> <span class='ocrx_word' id='word_1_487' title='bbox 1157 2670 1352 2716; x_wconf 79' lang='lat' dir='ltr'><strong>iactatum]</strong></span> <span class='ocrx_word' id='word_1_488' title='bbox 1371 2669 1461 2705; x_wconf 79' lang='lat' dir='ltr'><strong>bald</strong></span> <span class='ocrx_word' id='word_1_489' title='bbox 1478 2666 1735 2714; x_wconf 73' lang='lat' dir='ltr'><strong>gehandhabt,</strong></span> 
     </span>
     <span class='ocr_line' id='line_1_87' title="bbox 991 2717 1296 2763; baseline -0.007 -8"><span class='ocrx_word' id='word_1_490' title='bbox 991 2718 1081 2755; x_wconf 79' lang='lat' dir='ltr'><strong>bald</strong></span> <span class='ocrx_word' id='word_1_491' title='bbox 1105 2717 1296 2763; x_wconf 73' lang='lat' dir='ltr'><strong>ignoriert.</strong></span> 
     </span>
    </p>

    <p class='ocr_par' dir='ltr' id='par_1_27' title="bbox 993 2760 1737 2905">
     <span class='ocr_line' id='line_1_88' title="bbox 1040 2760 1737 2810; baseline -0.009 -9"><span class='ocrx_word' id='word_1_492' title='bbox 1040 2769 1072 2801; x_wconf 90' lang='lat'><strong>8.</strong></span> <span class='ocrx_word' id='word_1_493' title='bbox 1093 2766 1147 2801; x_wconf 85' lang='lat' dir='ltr'><strong>vel</strong></span> <span class='ocrx_word' id='word_1_494' title='bbox 1160 2785 1204 2790; x_wconf 92' lang='lat'>—</span> <span class='ocrx_word' id='word_1_495' title='bbox 1219 2764 1301 2810; x_wconf 82' lang='lat' dir='ltr'><strong>aut]</strong></span> <span class='ocrx_word' id='word_1_496' title='bbox 1320 2762 1589 2798; x_wconf 75' lang='lat' dir='ltr'><strong>willkiirlicher</strong></span> <span class='ocrx_word' id='word_1_497' title='bbox 1600 2760 1737 2796; x_wconf 86' lang='lat' dir='ltr'><strong>Wech·</strong></span> 
     </span>
     <span class='ocr_line' id='line_1_89' title="bbox 993 2809 1735 2856; baseline -0.008 -7"><span class='ocrx_word' id='word_1_498' title='bbox 993 2813 1047 2849; x_wconf 82' lang='lat' dir='ltr'><strong>sel</strong></span> <span class='ocrx_word' id='word_1_499' title='bbox 1072 2813 1139 2848; x_wconf 85' lang='lat' dir='ltr'><strong>der</strong></span> <span class='ocrx_word' id='word_1_500' title='bbox 1162 2810 1437 2856; x_wconf 85' lang='lat' dir='ltr'><strong>Konjunktion‚</strong></span> <span class='ocrx_word' id='word_1_501' title='bbox 1465 2809 1534 2845; x_wconf 87' lang='lat' dir='ltr'><strong>wie</strong></span> <span class='ocrx_word' id='word_1_502' title='bbox 1561 2819 1592 2844; x_wconf 86' lang='lat' dir='ltr'><strong>c.</strong></span> <span class='ocrx_word' id='word_1_503' title='bbox 1619 2812 1676 2852; x_wconf 88' lang='grc'><strong>68,</strong></span> <span class='ocrx_word' id='word_1_504' title='bbox 1701 2812 1735 2843; x_wconf 84' lang='lat'><strong>4.</strong></span> 
     </span>
     <span class='ocr_line' id='line_1_90' title="bbox 994 2860 1274 2905; baseline -0.007 -9"><span class='ocrx_word' id='word_1_505' title='bbox 994 2860 1029 2896; x_wconf 88' lang='lat' dir='ltr'><strong>S.</strong></span> <span class='ocrx_word' id='word_1_506' title='bbox 1055 2872 1100 2895; x_wconf 86' lang='lat' dir='ltr'><strong>zu</strong></span> <span class='ocrx_word' id='word_1_507' title='bbox 1125 2871 1155 2896; x_wconf 89' lang='lat' dir='ltr'><strong>c.</strong></span> <span class='ocrx_word' id='word_1_508' title='bbox 1184 2864 1215 2905; x_wconf 92' lang='lat'><strong>1,</strong></span> <span class='ocrx_word' id='word_1_509' title='bbox 1242 2862 1274 2895; x_wconf 82' lang='lat'><strong>2.</strong></span> 
     </span>
    </p>
   </div>
  </div>
 </body>
</html>
