1820 3080
96 998 152 1041 28

122 1245 143 1277 5

163 59 248 102 168

686 58 849 95 TACITI
872 58 1216 96 HISTORIARUM

162 170 209 210 ad
249 170 483 211 modestiam
522 171 762 223 composuit,
801 181 874 209 nec
913 169 1040 209 solum
1078 169 1181 223 apud
1214 169 1437 224 Caecinam,
1476 173 1544 225 qui
1576 172 1735 226 culpam

161 230 203 269 in
236 230 400 269 militem
433 228 662 269 conserebat
696 229 882 269 seditioni
912 230 1036 281 magis
1069 241 1186 281 quam
1215 229 1366 281 proelio
1391 237 1589 283 paratum:
1620 231 1735 273 Fabii

163 302 322 342 quoque
348 288 521 328 Valentis
553 289 689 340 copiae
722 285 818 341 (iam
850 289 955 328 enim
981 287 1164 328 Ticinum
1197 284 1377 343 venerat)
1402 291 1531 342 posito
1558 290 1733 332 hostium

115 356 135 388 5
162 353 394 400 contemptu
427 353 466 387 et
497 348 748 400 reciperandi
779 348 936 388 decoris
967 348 1154 401 cupidine
1186 349 1436 389 reverentius
1467 356 1507 389 et
1531 350 1735 403 aequalius

163 408 255 448 duci
286 407 490 459 parebant.
541 409 670 460 gravis
699 407 875 459 alioquin
901 406 1042 447 seditio
1068 413 1282 460 exarserat,
1313 419 1431 459 quam
1457 408 1595 449 altiore
1619 410 1738 450 initio

162 463 313 522 (neque
349 467 454 506 enim
486 478 623 507 rerum
654 479 674 506 a
708 466 875 506 Caecina
907 472 1109 518 gestarum
1141 467 1321 506 ordinem
1351 468 1590 520 interrumpi
1620 480 1738 520 opor·

162 522 313 580 tuerat)
345 531 534 578 repetam.
567 526 752 566 cohortes
784 526 1038 576 Batavorum,
1078 539 1176 578 quas
1208 525 1310 566 bello
1342 525 1511 567 Neronis
1543 539 1564 567 a
1596 533 1740 580 quarta

163 585 329 626 decuma
360 585 514 638 legione
547 586 763 639 digressas,
795 596 886 625 cum
917 584 1162 625 Britanniam
1194 590 1392 637 peterent,
1423 586 1558 627 audito
1592 586 1737 628 Vitellii

94 653 139 686 10
164 651 276 685 motu
307 646 348 684 in
381 646 539 685 civitate
570 644 792 697 Lingonum
824 644 943 684 Fabio
975 644 1129 684 Valenti
1160 645 1366 684 adiunctas
1397 644 1636 700 rettulimus,
1670 658 1735 687 su-

163 704 285 757 perbe
318 704 499 757 agebant,
531 709 576 744 ut
607 705 802 756 cuiusque
833 703 1000 755 legionis
1032 705 1203 744 tentoria
1231 705 1506 758 accessissent,
1537 706 1737 746 coercitos

164 777 185 803 a
224 776 265 803 se
305 763 706 816 quartadecumanos‚
744 762 911 803 ablatam
942 762 1092 803 Neroni
1122 762 1271 802 ltaliam
1303 769 1421 815 atque
1453 776 1611 804 omnem
1643 763 1739 804 belli

165 824 366 863 fortunam
397 825 438 862 in
469 825 648 875 ipsorum
679 834 798 862 manu
825 824 939 862 sitam
965 823 1168 862 iactantes.
1214 822 1544 863 contumeliosum
1570 823 1609 863 id
1637 823 1737 864 mili-

165 882 292 936 tibus,
331 882 519 922 acerbum
558 882 666 936 duci3
705 887 892 934 corrupta
924 883 1064 934 iurgiis
1097 886 1165 921 aut
1196 882 1293 921 rixis
1325 881 1550 934 disciplina,
1589 882 1637 922 ad
1669 894 1740 935 po·

95 947 139 980 15
168 947 362 982 stremum
393 941 536 981 Valens
568 954 589 981 e
621 941 839 993 petulantia
872 943 990 981 etiam
1022 940 1226 993 perfidiam
1259 940 1523 992 suspectabat.

287 1001 413 1052 Igitur
450 1002 591 1040 nuntio
630 1000 758 1040 adlato
796 1000 950 1052 pulsam
982 1000 1247 1039 Treverorum
1285 999 1385 1039 alam
1417 999 1679 1054 Tungrosque
1716 1012 1743 1040 a

166 1060 291 1102 classe
324 1060 493 1100 Othonis
531 1065 571 1099 et
601 1059 899 1099 Narbonensem
932 1059 1095 1099 Galliam
1133 1060 1355 1111 circumiri,
1394 1059 1512 1100 simul
1549 1072 1646 1100 cura
1676 1071 1741 1100 so·

169 1122 252 1161 cios
289 1119 427 1160 tuendi
466 1125 505 1159 et
542 1119 703 1158 militari
741 1124 829 1158 astu
867 1118 1052 1158 cohortes
1090 1116 1270 1157 turbidas
1307 1130 1370 1170 ac,
1410 1119 1443 1157 si
1481 1131 1559 1158 una
1596 1119 1743 1172 forent,

168 1179 412 1232 praevalidas
451 1178 706 1231 dispergendi
743 1183 896 1230 partem
927 1177 1163 1217 Batavorum
1199 1178 1259 1216 ire
1290 1178 1332 1216 in
1363 1177 1585 1217 subsidium
1616 1177 1739 1218 iubet.

171 1239 275 1292 quod
313 1238 384 1278 ubi
421 1238 600 1277 auditum
636 1237 937 1290 vulgatumque,
974 1248 1153 1276 maerere
1193 1237 1306 1289 socii,
1344 1236 1513 1276 fremere
1551 1236 1738 1289 legiones.

170 1298 303 1338 orbari
335 1310 377 1337 se
409 1297 717 1337 fortissimorum
748 1298 926 1336 virorum
958 1295 1121 1348 auxilio3
1153 1300 1307 1334 veteres
1339 1294 1427 1335 illos
1458 1301 1499 1335 et
1529 1301 1590 1336 tot
1619 1295 1740 1339 bello-

170 1370 259 1398 rum
291 1358 481 1410 victores,
519 1362 729 1409 postquam
760 1358 802 1395 in
834 1360 1050 1408 conspectu
1083 1356 1135 1394 sit
1165 1354 1310 1407 hostis,
1342 1354 1450 1394 velut
1481 1367 1528 1395 ex
1560 1356 1644 1396 acie
1675 1354 1741 1396 ab·

171 1417 275 1457 duci.
326 1418 361 1456 si
397 1417 600 1469 provincia
637 1414 737 1455 urbe
777 1421 817 1455 et
855 1414 980 1455 salute
1018 1415 1177 1467 imperii
1208 1415 1340 1465 potior
1371 1415 1440 1466 sit,
1478 1426 1616 1454 omnes
1647 1414 1747 1455 illuc.

221 1570 254 1602 2.
314 1565 539 1611 modestiam]
593 1563 918 1609 ‘Subordinatiom

172 1613 451 1656 Mannszucht'3
478 1624 505 1648 s,
532 1624 576 1647 zu
600 1613 628 1657 Ι,
655 1616 711 1656 52,
740 1615 795 1648 10.

221 1660 435 1706 composuit]
465 1659 690 1696 ‘bekehrte’.

221 1712 253 1744 4.
286 1708 439 1754 quoque]
475 1707 571 1743 ohne
599 1707 679 1750 sed,
710 1706 781 1742 wie
812 1706 921 1742 etiam

172 1757 217 1791 A.
244 1755 308 1800 ΙΙΙ,
335 1759 391 1790 19.
417 1755 479 1799 IV,
505 1758 562 1790 35.
843 1763 847 1766 ’

225 1802 412 1848 Ticinum]
440 1813 467 1837 ε.
495 1813 525 1838 c.
555 1805 609 1846 17,
637 1805 668 1837 8.

224 1854 255 1886 5.
276 1850 431 1896 decoris]
456 1850 537 1884 ‘der
550 1849 678 1894 Ehre’,
699 1849 760 1884 die
775 1848 828 1884 sie
843 1859 922 1884 ver-

174 1898 279 1934 loren
302 1898 446 1933 hatten.

224 1949 257 1980 6.
287 1944 471 1991 alioquin]
500 1943 647 1989 ‘sonst'‚
673 1942 743 1979 wie
769 1942 838 1987 III,
865 1947 921 1978 32.

173 1992 217 2028 A.
244 1992 309 2038 III,
335 1994 356 2027 8
382 1992 532 2038 alioqui.

224 2044 256 2076 8.
288 2043 443 2085 repetere
476 2038 718 2082 ‘nachholen,
749 2038 923 2073 nachtra-

175 2087 278 2134 gen’,
305 2086 375 2122 wie
400 2086 462 2131 IV,
489 2089 547 2131 48,
573 2089 606 2122 2.
643 2084 678 2121 S.
705 2097 750 2120 zu
775 2085 803 2130 1,
829 2088 862 2127 4,
892 2088 922 2119 1.

175 2135 262 2170 Tac.
295 2134 432 2169 nimmt
462 2133 534 2168 den
565 2133 636 2168 mit
666 2133 699 2176 Ι,
726 2136 770 2168 66
811 2132 924 2176 abge-

176 2181 389 2217 brochenen
430 2180 558 2216 Faden
602 2180 669 2215 der
711 2179 925 2224 Erztthlung

174 2228 313 2264 wieder
338 2227 411 2264 auf.

223 2275 312 2311 bello
356 2273 534 2320 Neronis]
584 2273 689 2309 Beim
738 2272 923 2308 Aufstand

174 2322 644 2406 ffiffffissssff‘zoitffissffi
674 2319 924 2413 ffSgissffhnffss

177 2416 243 2453 der
268 2416 322 2452 sie
348 2428 395 2451 zu
420 2415 522 2451 einer
541 2415 713 2451 Division
737 2413 925 2460 vereinigt

176 2474 320 2506 waren,
363 2463 440 2499 und
482 2462 720 2499 verhinderte
759 2461 923 2498 dieselbe

177 2511 262 2547 dem
286 2510 418 2547 Kaiser
448 2522 494 2546 zu
523 2509 626 2545 Hilfe
662 2522 706 2544 zu
736 2509 922 2545 kommen.

176 2559 262 2605 Vgl.
289 2571 334 2594 zu
359 2557 406 2603 Π,
434 2562 490 2603 11,
517 2563 548 2594 5.

227 2610 283 2642 10.
308 2606 529 2650 rettulimus]
554 2604 583 2649 I,
609 2608 667 2640 59.
695 2607 750 2640 64.

228 2657 284 2689 11.
310 2656 351 2689 ut
376 2651 563 2699 cuiusque]
594 2664 622 2688 s.
648 2664 694 2686 zu
718 2650 746 2695 I,
772 2654 830 2694 29,
855 2654 888 2686 4.

226 2701 396 2746 tentoria]
424 2700 490 2735 der
514 2698 634 2735 blofse
655 2700 741 2734 Ace.
768 2697 836 2733 wie
860 2697 925 2742 111,

179 2750 238 2792 24,
250 2750 271 2782 8
291 2751 332 2783 ut
350 2757 506 2793 quosque
525 2749 721 2782 accesserat
742 2745 817 2780 und
831 2743 924 2780 vier-

178 2793 257 2831 mal
289 2793 328 2829 in
362 2794 435 2829 den
465 2794 559 2829 Ann.
590 2793 687 2829 nach
719 2792 804 2828 dem
835 2791 925 2827 Vor-

179 2851 302 2888 gange
327 2852 401 2877 von
425 2839 569 2887 Nepos,
596 2839 716 2877 Varro
741 2838 818 2875 und
844 2838 924 2874 Sal—

992 1564 1077 1599 lust.
1100 1584 1142 1588 —
1169 1553 1269 1599 Uber
1291 1564 1364 1599 den
1382 1563 1492 1610 Konj.
1511 1564 1745 1601 accessisent

996 1623 1022 1647 s.
1049 1623 1093 1645 zu
1118 1610 1147 1654 I,
1176 1614 1231 1655 10,
1261 1615 1291 1646 7.

1042 1667 1097 1698 12.
1124 1664 1285 1699 ablatam
1309 1664 1454 1700 Neroni
1478 1664 1652 1711 Italiam]
1678 1663 1745 1700 Sia

993 1711 1124 1746 hatten
1150 1710 1209 1746 die
1228 1711 1455 1746 Vierzehner
1473 1711 1592 1748 daran
1610 1710 1741 1758 gebin·

994 1758 1090 1803 dert,
1130 1757 1213 1793 dem
1238 1757 1339 1794 Nero
1364 1769 1409 1793 zu
1433 1758 1535 1794 Hilfe
1566 1771 1611 1794 zu
1635 1759 1743 1795 kom-

995 1816 1093 1850 men,
1114 1804 1191 1840 und
1210 1805 1401 1842 dieselben
1420 1816 1648 1852 gezwungen
1661 1805 1742 1841 sich

995 1853 1241 1959 ῗᾷἥῗέηἿΞὶΟ
1253 1865 1320 1935 13¹1}
1342 1852 1532 1936 &5132ss
1543 1852 1745 1947 ..3335ss

997 1958 1107 1984 ware.

1047 1999 1102 2030 13.
1129 1995 1201 2030 Zur
1220 1994 1360 2030 Phrase
1385 1995 1428 2030 in
1451 2006 1566 2030 manu
1583 1995 1749 2031 alicuius

996 2042 1107 2077 situm
1132 2052 1204 2078 esse
1228 2042 1303 2088 vgl.
1328 2041 1371 2078 A.
1398 2041 1426 2087 1,
1453 2046 1509 2078 31.
1546 2040 1636 2078 Sall.
1660 2041 1744 2087 lug.

1047 2140 1101 2171 14.
1129 2137 1279 2172 acerbus
1307 2135 1536 2180 ‘krankend,
1561 2134 1741 2181 empfind-

997 2183 1085 2227 lich,
1112 2182 1382 2219 schmerzlich’.

1045 2230 1127 2278 aut]
1160 2229 1236 2266 fast
1260 2247 1305 2259 =
1333 2229 1441 2265 ‘teile
1467 2249 1513 2256 —
1538 2228 1659 2266 teils’.
1706 2227 1743 2264 S.

997 2276 1108 2313 Halm
1127 2278 1180 2313 im
1199 2279 1398 2313 comment.
1418 2276 1500 2313 crit.
1521 2276 1587 2312 der
1599 2280 1633 2314 3.
1645 2275 1743 2312 Aufl.

997 2337 1040 2360 zu
1065 2326 1108 2361 A.
1134 2324 1162 2368 I,
1190 2328 1247 2369 16,
1273 2329 1305 2360 6.

1046 2381 1100 2414 15.
1139 2388 1157 2413 e
1180 2378 1394 2423 petulantia
1419 2397 1464 2404 —
1496 2376 1746 2424 suspectabat]

1000 2424 1179 2460 ‘witterte
1204 2423 1329 2461 hinter
1354 2425 1420 2460 der
1444 2423 1673 2460 Freohheit’.

1045 2542 1110 2579 28.
1140 2547 1168 2578 1.
1191 2543 1356 2590 pulsam]
1383 2543 1458 2588 vgl.
1487 2554 1517 2578 c.
1545 2546 1590 2577 14
1607 2541 1659 2588 fg.

1046 2599 1078 2631 3.
1094 2599 1177 2631 astu
1208 2595 1343 2632 Aufser
1353 2596 1474 2632 dieser
1479 2595 1591 2631 Form
1599 2594 1747 2630 kommt

998 2655 1067 2678 nur
1092 2642 1153 2678 die
1210 2642 1407 2679 luralform
1432 2646 1535 2679 astus
1558 2653 1636 2678 vor.

1045 2699 1077 2731 6.
1113 2699 1165 2731 tot
1191 2696 1364 2731 bellorum
1388 2694 1554 2741 victores]
1588 2705 1616 2729 ε.
1642 2705 1687 2729 zu
1712 2703 1746 2730 c.

1021 2769 1031 2788 ³
1048 2794 1078 2826 7.
1112 2792 1308 2834 postquam
1331 2809 1380 2815 -—
1403 2789 1468 2835 sit]
1508 2788 1543 2825 S.
1568 2788 1745 2833 Heraeus,

997 2837 1064 2873 lat.
1092 2835 1260 2883 Schulgr.
1288 2839 1307 2879 ξ
1333 2838 1413 2882 208,
1441 2840 1460 2871 1
1486 2835 1595 2871 Anm.
1614 2839 1649 2871 3.
