1820 3080
241 56 326 99 122
763 72 927 112 TACITI
951 79 1288 125 HISTORIARUM

234 173 273 208 ct
297 170 433 221 plures
460 176 722 220 seditionibus
749 189 788 223 et
814 186 1021 230 ambitioso
1047 194 1214 246 imperio
1240 199 1330 242 laeti
1356 216 1428 256 per
1447 209 1583 252 turbas
1604 220 1646 254 et
1664 223 1801 271 raptus

233 227 386 270 facilius
425 233 471 272 ad
510 236 624 276 civile
661 238 808 283 bellum
847 246 1152 307 inpellerentur,
1182 259 1308 299 -simul
1344 272 1533 316 reputans
1571 284 1650 314 non
1682 289 1800 328 posse

183 292 204 324 5
230 289 498 341 principatum
537 296 687 338 scelere
726 310 950 353 quaes1tum
989 310 1118 352 subita
1151 317 1342 360 modestia
1375 330 1415 364 et
1445 330 1575 378 prisca
1607 337 1798 385 gravitate

228 348 407 403 retineri,
439 353 508 391 sed
542 354 771 401 discrimine
803 363 915 405 urbis
946 373 986 408 et
1015 373 1194 422 periculo
1227 386 1388 421 senatus
1413 388 1564 443 anxius,
1594 398 1796 443 postremo

227 405 279 443 ita
307 406 513 452 disseruit:
541 411 692 468 ‘Neque
720 426 764 460 ut
789 422 967 466 adfectus
994 436 1148 472 vestros
1173 435 1214 474 in
1234 448 1409 481 amorem
1428 447 1506 485 mei
1525 452 1796 509 accenderem,

226 467 530 525 commilitones,
569 486 699 528 neque
739 486 783 520 ut
823 485 997 526 animum
1036 490 1082 530 ad
1124 493 1309 538 virtutem
1343 501 1574 547 cohortarer
1605 506 1794 566 (utraque

224 525 330 564 enim
369 531 527 582 egregie
566 536 814 594 supersunt),
855 544 923 583 sed
964 549 1052 587 veni
1089 553 1363 602 postulaturus
1402 573 1423 601 a
1456 564 1568 607 vobis
1600 574 1792 624 tempera-

154 587 198 620 10
223 589 401 626 mentum
434 596 588 632 vestrae
620 594 865 641 fortitudinis
899 609 938 643 et
963 618 1055 658 erga
1083 621 1144 650 me
1170 615 1331 657 modum
1356 623 1544 665 caritatis.
1594 631 1791 673 tumultus

218 645 390 692 proximi
420 649 578 691 initium
609 666 688 694 non
722 660 937 710 cupiditate
971 666 1031 705 vel
1063 669 1171 723 odio,
1209 685 1307 725 quae
1339 679 1485 722 multos
1517 690 1717 730 exercitus
1749 693 1789 732 in

218 700 455 746 discordiam
488 721 624 765 egere,
662 726 706 754 ac
745 729 796 757 ne
834 720 1121 766 detrectatione
1153 733 1312 782 quidem
1344 745 1412 779 aut
1443 741 1653 787 formidine
1684 753 1788 802 peri-

217 760 416 805 culorum:
462 769 580 809 nimia
626 774 751 824 pietas
795 785 924 820 vestra
969 787 1101 826 acrius
1140 801 1258 841 quam
1297 799 1546 842 considerate
1583 808 1787 863 excitavit3

215 831 304 860 nam
338 835 455 877 saepe
487 826 674 872 honestas
706 847 842 877 rerum
875 852 1025 896 causaS,
1057 847 1098 884 ni
1124 849 1315 893 iudicium
1341 856 1538 914 adhibeas,
1569 868 1785 916 perniciosi

146 883 188 916 15
215 881 344 921 exitus
383 894 664 932 consecuntur.
714 895 818 936 imus
857 899 904 938 ad
943 900 1101 944 bellum.
1151 920 1247 949 num
1285 925 1423 956 omnes
1462 923 1624 963 nuntios
1654 926 1780 978 palam

212 939 354 994 audiri,
386 947 515 986 omnia
549 951 711 992 consilia
745 959 900 997 cunctis
931 965 1210 1012 praesentibus
1240 975 1400 1014 tractari
1427 980 1526 1019 ratio
1552 993 1688 1025 rerum
1713 987 1782 1028 aut

210 1002 463 1043 occasionum
504 1007 687 1051 velocitas
724 1015 906 1064 patitur?
955 1025 1034 1061 tam
1073 1028 1229 1067 nescire
1261 1034 1451 1082 quaedam
1484 1039 1629 1082 milites
1659 1056 1777 1097 quam

205 1085 501 1134 Mann,welcher
511 1097 571 1133 die
580 1098 773 1139 Mehrzahl
785 1105 955 1146 bildete’.
1028 1111 1259 1165 Auslassung
1290 1121 1356 1158 der
1385 1124 1775 1178 Adversativpartikel

205 1132 290 1180 Vgl.
318 1148 346 1173 0.
377 1144 421 1175 25
449 1144 578 1190 vulqus
601 1152 635 1183 et
659 1153 811 1198 ceteros;
842 1153 905 1199 III,
933 1161 954 1193 3
1026 1161 1123 1197 nach
1136 1174 1210 1200 non
1226 1168 1263 1202 in
1280 1168 1345 1204 der
1357 1170 1566 1222 Antithese,
1588 1179 1657 1215 wie
1671 1193 1700 1218 c.
1717 1186 1773 1219 29.

203 1183 508 1229 vulqusetceteri.
529 1192 704 1241 Draeger,
720 1198 824 1244 Synt.
841 1205 951 1245 §113-
1025 1207 1070 1251 II,
1098 1212 1130 1245 3.
1159 1215 1212 1247 12.
1242 1218 1295 1251 16.
1324 1221 1379 1253 76.
1406 1220 1468 1275 ΙΙΙ,
1490 1226 1523 1259 3.
1549 1225 1611 1271 IV,
1630 1230 1688 1264 41.
1714 1234 1771 1267 58.

266 1242 306 1265 er
325 1234 451 1277 plures
476 1250 503 1274 s.
530 1251 574 1275 zu
601 1253 630 1278 c.
658 1248 714 1288 39,
741 1250 774 1281 5.
1024 1255 1067 1289 A.
1091 1255 1132 1300 V,
1160 1262 1190 1294 3.
1220 1261 1306 1308 Agr.
1328 1268 1384 1302 37.
1417 1267 1630 1319 Nipperdey
1656 1287 1700 1311 zu
1726 1279 1769 1313 A.

247 1281 280 1313 3.
321 1282 552 1322 ambitiosum
583 1289 776 1335 imperium
808 1295 859 1332 ist
890 1297 951 1334 ein
1022 1300 1086 1346 IV,
1106 1308 1161 1341 35.
1195 1298 1294 1344 Uber
1310 1313 1434 1356 pietas
1458 1327 1486 1352 s.
1512 1330 1556 1354 zu
1581 1319 1625 1365 Il,
1653 1327 1710 1368 69,
1736 1329 1769 1362 2.

197 1326 297 1361 nach
317 1327 382 1364 der
395 1329 517 1368 Gunst
535 1335 600 1371 der
613 1337 749 1386 Menge
769 1342 949 1381 haschen·
1070 1353 1194 1389 aerius
1211 1366 1320 1401 quam
1339 1363 1579 1413 considerate]
1593 1370 1687 1406 statt
1701 1370 1768 1408 dee

197 1372 273 1417 des,
289 1374 369 1411 also
386 1379 482 1414 nach
503 1383 618 1419 unten
633 1384 699 1420 hin
713 1388 946 1438 abhfingiges
1019 1397 1307 1448 regelmsssigen
1332 1410 1458 1446 aerius
1474 1423 1585 1457 quam
1608 1420 1767 1456 conside·

194 1418 404 1466 Regiment.
444 1426 594 1474 Vg1.11‚
617 1436 660 1467 12
687 1434 847 1474 Suedius
867 1439 944 1476 Cle·
1017 1446 1140 1482 ratius
1170 1450 1261 1495 (vgl.
1288 1452 1341 1498 ΙΙ,
1367 1459 1431 1501 24,
1459 1463 1491 1496 6.
1529 1460 1592 1506 IV,
1618 1467 1682 1509 40,
1711 1471 1765 1512 16,

193 1477 293 1503 mens
306 1471 495 1510 ambitioso
505 1477 656 1522 imperio
666 1484 831 1530 reyebat;
843 1486 942 1525 Suet.
1018 1494 1074 1535 65,
1089 1494 1125 1538 4)
1146 1496 1236 1532 oder
1254 1501 1390 1538 aeriter
1413 1507 1531 1552 muys-9
1553 1520 1662 1554 quam
1680 1524 1765 1550 eon·

195 1511 275 1552 Oct.
302 1519 346 1551 42
384 1523 426 1554 ut
462 1523 643 1561 salubrem
680 1532 797 1576 mayis
833 1546 942 1579 quam
1013 1538 1179 1578 siderate.
1223 1544 1372 1586 Ebenso
1397 1553 1499 1589 steht
1517 1554 1606 1602 Agr.
1619 1562 1644 1594 4
1661 1561 1761 1598 vehe-

191 1562 424 1602 ambitiosum
445 1570 652 1617 principem
676 1578 796 1615 scires.
1012 1589 1169 1624 mentius
1193 1602 1302 1636 quam
1327 1602 1440 1634 caute.

236 1614 369 1656 raptus
394 1613 704 1663 ‘Gelegenheiten
723 1637 805 1661 zum
825 1627 939 1665 Ph‘in-
1062 1638 1117 1672 14.
1130 1636 1297 1676 honestas
1308 1653 1432 1680 rerum
1444 1651 1592 1699 causas]
1613 1653 1758 1692 ‘ehren-

189 1655 312 1702 dern'3
338 1660 412 1706 vgl.
439 1674 484 1698 zu
509 1677 539 1700 c.
566 1670 624 1712 46,
653 1673 706 1706 12.
1010 1679 1116 1717 haste
1142 1683 1334 1735 (ldbliche)
1360 1691 1530 1733 Motive’.

234 1707 268 1740 4.
295 1706 400 1743 civile
425 1710 571 1760 bellum]
591 1726 674 1751 eum
689 1717 845 1758 Vitellio
871 1735 936 1769 ge·
1056 1730 1245 1781 adhibeas]
1274 1747 1302 1772 s.
1326 1750 1371 1773 zu
1397 1751 1427 1774 c.
1457 1746 1488 1786 1,
1510 1747 1541 1780 9.

184 1750 351 1789 rendum.
1057 1780 1110 1812 15.
1137 1779 1192 1815 ire
1216 1783 1267 1818 ad
1290 1784 1420 1822 bellum
1438 1790 1510 1826 wie
1531 1791 1605 1829 Cic.
1619 1806 1655 1840 p.
1670 1795 1755 1844 Lig.

233 1802 266 1834 5.
292 1803 481 1852 modestia]
509 1819 535 1842 s.
563 1821 606 1844 zu
633 1822 661 1846 c.
690 1817 745 1857 30,
775 1819 805 1850 1.
1006 1824 1026 1863 ξ
1047 1827 1102 1868 35,
1130 1826 1236 1864 nieht
1259 1831 1301 1865 in
1326 1833 1469 1880 bellum,
1495 1849 1573 1874 was
1597 1844 1674 1878 eret
1691 1843 1754 1881 bei

231 1850 262 1881 6.
313 1849 509 1889 discrimen
555 1856 638 1893 ‘die
682 1860 932 1903 bedenkliche
1004 1867 1093 1907 Iust.
1120 1872 1215 1911 Gell.
1240 1876 1379 1916 Fronto
1404 1884 1627 1926 vorkommt.
1677 1891 1753 1928 Da-

181 1892 313 1939 Lage'.
1002 1927 1124 1962 gegen
1149 1922 1204 1957 ire
1228 1924 1270 1959 in
1293 1929 1407 1964 aciem
1433 1930 1491 1976 (II,
1517 1937 1573 1978 46,
1602 1938 1648 1982 6),
1679 1939 1751 1975 wie

229 1944 260 1976 ’1.
288 1944 469 1994 adfectus]
497 1960 525 1986 s.
552 1962 597 1985 zu
623 1964 653 1989 c.
683 1958 737 2000 72,
764 1960 797 1993 8.
1001 1963 1083 2001 Liv.
1099 1965 1267 2016 XXVIII,
1284 1976 1339 2018 22,
1361 1978 1383 2011 8
1408 1978 1463 2014 ire
1486 1981 1529 2015 in
1547 1985 1751 2032 proelium

226 1991 259 2023 8.
285 1993 424 2038 eqreyie
447 2000 659 2048 supersunt]
684 2002 748 2038 ‘ist
765 2004 805 2040 in
824 2006 927 2042 herr·
1001 2011 1076 2056 vgl.
1105 2014 1206 2053 Caes.
1233 2018 1272 2055 b.
1294 2021 1336 2057 G.
1363 2023 1390 2067 Ι,
1418 2029 1480 2070 51,
1507 2031 1528 2062 3
1564 2032 1750 2076 proficisci

177 2034 295 2071 lieher
305 2038 412 2076 Fiille
426 2043 671 2092 vorha-nden’3
690 2057 876 2099 s.zuc.51‚
892 2059 926 2092 8.
999 2058 1041 2093 in
1069 2063 1270 2111 proelium
1299 2068 1334 2104 b.
1361 2081 1392 2106 c.
1417 2071 1481 2116 ΙΙΙ,
1508 2078 1565 2120 99,
1591 2081 1612 2112 2
1631 2081 1746 2124 profi-

223 2085 322 2131 vem']
336 2086 412 2122 Das
427 2087 610 2129 Pradikat
626 2095 678 2131 ist
697 2099 793 2134 nach
814 2099 925 2138 Dieh-
998 2106 1087 2142 eieci
1121 2110 1164 2145 iu
1196 2123 1384 2161 puqnam;
1419 2119 1515 2157 Flor.
1545 2134 1581 2168 p.
1609 2128 1670 2169 15,
1700 2131 1743 2163 12

174 2128 373 2168 terbrauch
400 2135 438 2170 in
464 2137 535 2174 den
561 2142 718 2178 zweiten
738 2145 825 2182 Satz
844 2159 923 2184 ver·
997 2152 1124 2200 (Jahn)
1144 2160 1334 2203 proficisci
1356 2165 1398 2199 in
1424 2168 1547 2206 aciem.
1588 2171 1673 2218 Vgl.
1692 2175 1744 2210 ad

173 2175 349 2223 schoben,
381 2182 451 2217 wie
477 2183 520 2220 A.
547 2185 608 2232 VI,
636 2193 681 2225 29
706 2192 803 2228 nihil
826 2195 924 2233 hunc
995 2199 1125 2237 bellum
1143 2207 1340 2250 proficisci.

170 2224 337 2261 amicitia
351 2227 492 2274 Seiani,
510 2235 574 2269 sed
592 2235 772 2281 labefecit.
789 2269 797 2277 .
814 2243 919 2279 .Ma-
1040 2250 1145 2296 num]
1184 2254 1270 2289 weil
1307 2256 1368 2293 die
1401 2259 1641 2312 Verneinung
1674 2267 1742 2304 der

169 2272 293 2307 eronis
310 2274 445 2312 odium.
478 2277 656 2327 Draeger,
677 2284 779 2330 Synt.
800 2292 820 2331 ξ
839 2293 919 2327 230.
992 2292 1320 2341 Frage-emanet
1351 2305 1461 2352 wird,
1495 2309 1607 2348 ‘doch
1633 2314 1740 2352 nicht

217 2321 532 2365 temperamentum
574 2328 806 2380 ‘Ziigelnng,
851 2337 918 2374 Be·
993 2341 1118 2379 etwa'.
1169 2346 1252 2393 Vgl.
1279 2349 1376 2390 Dial.
1404 2358 1449 2391 18
1478 2367 1567 2393 num
1590 2361 1739 2398 dubita-

161 2364 435 2415 wchrsnkung’.
989 2389 1096 2425 mus?
1121 2390 1299 2441 Heraeus,
1314 2398 1378 2435 lat.
1391 2400 1559 2450 Schulgr.
1575 2409 1595 2449 ξ
1607 2411 1687 2453 214,
1705 2413 1734 2445 1.

216 2416 271 2448 10.
309 2417 436 2454 modus
476 2419 744 2462 ‘Marshalten’
773 2446 818 2459 =
844 2443 915 2468 mo·
1038 2441 1092 2473 16.
1112 2442 1210 2477 ratio
1227 2447 1364 2493 rerum]
1382 2447 1456 2484 ‘ein
1467 2451 1734 2502 plamassiges

163 2459 318 2506 deratio,
343 2464 414 2500 wie
435 2477 464 2502 c.
480 2471 526 2504 85
544 2473 747 2510 sevmtatis
767 2480 894 2515 modus
900 2494 914 2523 ;
986 2482 1222 2526 Verfahren’.
1268 2491 1315 2527 So
1340 2496 1438 2531 ratio
1462 2496 1577 2535 allein
1601 2500 1646 2545 ΙΙ,
1675 2507 1729 2540 19.

164 2505 238 2544 Cie.
259 2520 294 2555 p.
316 2509 409 2547 Sest.
430 2516 451 2556 ξ
472 2518 526 2551 79.
559 2529 594 2563 p.
615 2519 728 2557 Mare.
750 2526 770 2566 9
793 2528 823 2560 1.
984 2532 1039 2565 25.
1068 2535 1123 2569 26.
1150 2534 1212 2581 ΙΙΙ,
1239 2542 1294 2574 59.
1322 2544 1378 2577 60.
1427 2543 1566 2581 Rerum
1589 2547 1640 2584 ist
1664 2549 1731 2587 der

211 2558 267 2591 11.
287 2560 466 2596 tumultus
475 2566 643 2607 proximi
654 2568 820 2619 initium]
835 2573 870 2610 d.
885 2575 908 2612 i.
982 2575 1206 2624 Proportion
1239 2585 1371 2623 halber
1405 2600 1534 2636 wegen
1571 2599 1728 2633 occasio-

162 2600 346 2641 tumultus
371 2609 560 2651 proximus
587 2614 689 2651 ortus
716 2620 781 2654 est.
981 2634 1068 2660 num
1093 2629 1262 2667 velocitas
1286 2633 1550 2681 hinzngesetzt.
1581 2640 1727 2681 Bonnet

209 2652 264 2685 12.
290 2652 528 2704 discordiam]
549 2670 576 2695 s.
597 2673 642 2696 zu
662 2673 691 2698 c.
713 2667 769 2709 53,
792 2670 822 2703 7.
980 2671 1136 2709 erkliirt:
1171 2676 1246 2713 ‘die
1270 2691 1338 2716 aus
1364 2682 1435 2718 den
1459 2684 1607 2732 Dingen
1644 2690 1724 2727 sich

206 2698 289 2744 aut]
304 2701 398 2736 statt
415 2706 450 2739 et
468 2715 599 2751 wegen
620 2709 684 2744 des
703 2714 906 2758 negativen
979 2719 1187 2764 ergebende
1212 2725 1539 2777 Notwendigkeit,
1565 2733 1603 2771 la
1627 2735 1722 2784 logi-

157 2740 393 2784 Gedankens.
418 2749 495 2786 Der
509 2752 599 2790 Gen.
613 2757 748 2801 gehon-t
760 2767 804 2796 zu
827 2762 903 2798 bei·
976 2775 1047 2808 que
1064 2767 1110 2803 de
1129 2769 1167 2804 la
1179 2770 1387 2812 situation&
1406 2777 1608 2817 Einfacher
1621 2788 1720 2822 ware

155 2787 228 2824 den
253 2789 464 2833 Ablativen.
977 2811 1051 2848 ‘die
1078 2814 1199 2852 Natur
1223 2819 1288 2855 der
1313 2821 1463 2868 Dinge’.

204 2840 258 2872 13.
278 2840 396 2878 nimia
410 2845 548 2893 pietas]
562 2849 630 2885 mit
650 2851 900 2892 rhetorischer
1022 2863 1076 2896 17.
1087 2865 1315 2903 occasionum
1325 2871 1494 2909 velocitas
1502 2873 1577 2911 ‘die
1587 2879 1718 2915 rasche
