1820 3080
163 61 252 103 232
689 62 854 99 ΤΑΟΙΤΙ
879 61 1213 99 HISTORIARUM

164 173 351 226 cupidine
384 174 626 213 senatorium
659 173 838 213 ordinem
872 179 1051 226 exuerat3
1094 173 1198 213 idem
1237 186 1310 225 pro
1346 173 1468 215 Galba
1505 175 1583 216 dux
1627 175 1731 216 colo-

163 234 252 272 niae
291 245 385 272 suae
425 245 548 284 eaque
593 245 713 284 opera
755 234 1076 284 procurationem
1120 233 1304 286 adeptus,
1348 235 1552 285 susceptis
1588 233 1729 287 Vespa-

162 293 264 348 siani
297 291 477 343 partibus
510 293 741 331 acerrimam
774 291 876 331 bello
916 293 1040 331 facem
1078 291 1283 344 praetulit:
1316 305 1396 332 non
1433 298 1513 333 tam
1543 296 1728 346 praemiis

163 350 433 403 periculorum
473 363 590 402 quam
627 352 725 403 ipsis
763 351 952 403 periculis
984 351 1110 391 laetus
1147 364 1220 403 pro
1252 353 1374 391 certis
1406 357 1457 392 et-
1482 351 1576 392 olim
1606 355 1731 405 partis

95 419 142 451 20
166 423 264 449 nova
297 410 478 462 ambigua
512 412 696 462 ancipitia
730 410 910 450 malebat.
973 412 1095 462 igitur
1126 422 1284 450 movere
1323 416 1363 450 et
1400 417 1581 463 quatere,
1618 412 1729 464 qnid·

165 469 259 522 quid
293 482 459 522 usquam
498 482 659 521 aegrum
699 471 818 523 foret,
856 470 1153 522 adgrediuntur.
1216 471 1386 521 scriptae
1417 472 1458 510 in
1488 470 1731 513 Britanniam

164 529 212 568 ad
251 529 651 582 quartadecumanos,
695 531 736 568 in
769 529 997 581 Hispaniam
1042 529 1088 568 ad
1128 531 1328 581 primanos
1371 529 1581 583 epistulae,
1625 519 1766 583 quod'

164 593 333 640 utraque
365 588 466 639 legio
499 601 571 640 pro
604 588 776 641 Othone,
814 589 976 628 adversa
1011 587 1165 627 Vitellio
1203 588 1349 641 suerat,
1387 595 1628 641 sparguntur
1659 601 1731 642 per

165 647 308 687 Gallias
333 647 483 700 literae,
510 654 790 700 momentoque
817 649 1007 700 temporis
1033 647 1221 699 flagrabat
1240 649 1380 699 ingens
1399 647 1545 689 bellum
1564 648 1732 701 Illyricis

92 714 138 746 25
165 706 408 746 exercitibus
440 706 566 758 palam
599 707 933 760 desciscentibus,
965 708 1110 746 ceteris
1143 708 1339 746 fortunam
1372 709 1582 749 secuturi&

92 764 147 806 87
283 766 384 805 Dum
426 766 522 805 haec
560 778 632 817 per
670 768 894 818 provincias
932 779 952 805 a
986 766 1222 818 Vespasiano
1266 766 1515 819 ducibusque
1559 768 1731 818 partium

164 830 377 878 geruntur,
410 825 589 864 Vitellius
623 827 887 878 contemptior
919 827 959 865 in
997 825 1081 864 dies
1120 826 1358 877 segniorque
1396 825 1443 865 ad
1482 827 1611 866 omnis
1646 838 1732 866 mu·

163 885 403 936 nicipiorum
438 884 696 936 villarumque
729 887 985 924 amoenitates
1024 885 1216 924 resistens
1254 887 1362 936 gravi
1400 884 1540 924 urbem
1578 886 1734 937 agmine

165 943 338 995 petebat.
395 945 595 995 sexaginta
629 944 734 983 milia
767 950 1007 984 armatorum
1041 943 1307 995 sequebantur
1340 943 1499 984 licentia
1527 950 1734 999 corrupta3

119 1012 140 1045 5
169 1002 351 1042 calonum
415 1015 606 1043 numerus
669 1003 852 1056 amplior,
916 1005 1207 1055 procacissimis
1262 1004 1381 1042 etiam
1436 1004 1542 1043 inter
1597 1015 1736 1044 servos

164 1062 332 1101 lixarum
375 1063 562 1115 ingeniis3
608 1067 667 1102 tot
704 1063 922 1114 legatorum
962 1063 1259 1113 amicorumque
1299 1063 1510 1102 comitatus
1547 1062 1734 1103 inhabilis

164 1121 213 1161 ad
244 1121 481 1174 parendum,
514 1123 632 1161 etiam
659 1123 692 1161 si
725 1134 876 1162 summa
905 1121 1094 1161 modestia
1123 1126 1340 1172 regeretur.
1384 1121 1601 1161 onerabant
1633 1121 1732 1162 mul-

164 1181 377 1220 titudinem
411 1181 516 1220 obvii
548 1193 594 1220 ex
627 1181 727 1220 urbe
759 1188 963 1220 senatores
995 1182 1241 1232 equitesque,
1275 1180 1434 1231 quidam
1460 1186 1587 1233 metu,
1618 1180 1734 1222 multi

165 1252 238 1292 per
269 1239 553 1293 adulationem,
591 1243 715 1280 ceteri
742 1253 791 1280 ac
823 1240 1010 1293 paulatim
1043 1251 1198 1292 omnes,
1237 1251 1285 1278 ne
1324 1239 1410 1278 aliis
1447 1239 1735 1291 proficiscenti-

163 1388 218 1424 als
238 1393 308 1425 300
326 1389 541 1434 Amphoren
561 1390 651 1424 Lasia
670 1401 713 1424 zu
733 1389 911 1434 besstzen,

162 1448 236 1472 von
268 1436 334 1472 der
360 1436 544 1472 Rhederei
577 1438 649 1472 und
681 1437 763 1472 dem
791 1437 910 1472 Gross-

161 1484 303 1519 handel
323 1495 386 1518 zur
400 1484 468 1519 See
483 1485 800 1530 ausgeschlossen.
827 1484 912 1519 Und

162 1532 300 1577 gerade
322 1531 462 1566 diesem
485 1531 758 1567 banausischen
780 1532 912 1567 Berufe

163 1579 308 1614 scheint
341 1578 479 1614 Fuscus
518 1580 697 1613 zuniichst
735 1580 814 1614 sich
850 1590 910 1623 ge-

162 1626 316 1661 widmelz
340 1626 416 1660 und
442 1626 573 1660 darum
600 1626 671 1660 den
692 1626 913 1662 Senatoren-

162 1685 271 1758 {⁴⁰59
290 1672 551 1766 2228255322
559 1673 816 1765 ²31iv¹2³22³32¹32a
827 1673 910 1719 vg1.

214 1777 267 1809 16.
288 1775 367 1810 dux
386 1775 549 1810 coloniae
567 1785 653 1810 snae
689 1774 735 1808 Er
749 1774 911 1809 erklarte

163 1820 244 1856 sich
269 1821 329 1857 fiir
355 1821 476 1857 Galba
501 1833 549 1857 an
575 1822 640 1857 der
685 1822 785 1866 pitze
811 1821 912 1856 einer

161 1869 371 1904 romischen
421 1868 719 1914 Kolonialstadt‚
770 1869 910 1904 welche

162 1916 241 1952 sein
271 1916 502 1951 Haimatsort
527 1927 613 1951 war.

212 1973 267 2005 18.
301 1971 515 2005 acerrimam
547 1970 636 2005 bello
667 1970 784 2013 facem
803 1981 912 2015 prae-

162 2017 266 2063 tulit]
287 2016 320 2052 d.
341 2017 364 2053 i.
386 2018 586 2052 acerrimus
611 2018 805 2052 instinctor
830 2018 914 2053 belli

160 2065 237 2108 fnit
262 2064 340 2109 (IV,
362 2068 417 2108 68,
439 2065 508 2110 24).
549 2064 633 2109 Vgl.
657 2064 811 2107 Quintil.
832 2064 858 2108 Ι,
879 2068 911 2108 2,

162 2115 208 2146 25
228 2112 334 2147 nobis
359 2113 518 2147 acriores
543 2113 592 2147 ad
616 2113 743 2147 studia
768 2112 914 2147 dicendi

161 2159 260 2203 faces
284 2159 507 2204 subdidisse;
532 2159 577 2194 H.
604 2159 631 2202 Ι,
658 2162 714 2203 24,
745 2164 772 2193 1.

210 2215 267 2247 20.
287 2222 423 2247 movere
442 2215 475 2247 et
493 2215 640 2257 quatere
661 2211 818 2247 ‘riitteln
837 2211 911 2246 und

161 2257 378 2295 schfitteln’.

211 2309 268 2341 21.
296 2306 462 2352 aearum]
487 2317 515 2341 s.
542 2318 587 2340 zu
612 2306 640 2350 Ι,
666 2309 700 2350 4,
726 2309 758 2341 3.

210 2353 497 2399 adyrediuntur]
543 2353 620 2387 ‘sie
667 2353 789 2398 gabea
833 2352 912 2387 sich

163 2399 310 2445 daran',
337 2400 504 2436 namlich
523 2399 751 2445 Vespasians
770 2399 911 2435 Partei-

162 2450 305 2493 ganger
323 2447 510 2483 Antonius
527 2448 610 2490 *und
631 2448 778 2482 Fuscus.
822 2447 911 2481 Zum

161 2494 230 2530 Inf.
257 2494 368 2531 dabei
393 2495 468 2541 vgl.
489 2494 594 2531 Caes.
614 2495 649 2530 b.
671 2506 701 2530 c.
721 2493 792 2539 111,
812 2497 869 2539 80,
892 2498 911 2529 7

162 2552 375 2587 oppugnare
398 2553 474 2578 non
498 2553 696 2588 aqyressm.
726 2579 728 2581 ,

211 2598 266 2630 22.
297 2595 347 2631 ad
371 2595 741 2641 quartadecimanos]
755 2607 782 2630 s.
805 2606 834 2629 c.
856 2598 910 2629 66.

211 2643 262 2678 ad
291 2642 501 2689 primanos]
533 2642 571 2678 d.
595 2642 619 2677 i.
646 2643 693 2678 ad
726 2641 911 2686 legionem

163 2688 180 2722 Ι
205 2688 448 2726 Adiutricem.
490 2690 571 2735 vgl.
598 2701 628 2726 o.
657 2694 712 2725 67.

214 2792 277 2829 87.
304 2794 358 2829 Im
390 2794 591 2838 folgenden
623 2795 735 2830 kehrt.
760 2794 820 2829 die
844 2793 912 2828 Er-

162 2840 328 2886 zahlung
364 2853 410 2876 zu
447 2841 624 2879 Vitellius
660 2841 800 2877 zurfiok
836 2841 913 2876 und

184 2999 204 3007 Α

984 1389 1121 1424 nimmt,
1146 1389 1217 1423 den
1243 1400 1273 1424 c.
1295 1392 1339 1423 72
1359 1399 1392 1424 a.
1414 1389 1454 1423 E.
1481 1388 1735 1434 abgebroehe·

984 1448 1058 1472 nen
1083 1436 1209 1471 Faden
1233 1436 1372 1471 wieder
1397 1435 1470 1471 auf.

1034 1494 1066 1525 2.
1099 1490 1148 1525 ad
1173 1489 1290 1525 omnis
1319 1489 1603 1535 municipiorum
1626 1489 1737 1526 υιἸῖα-

985 1548 1136 1591 rumque
1149 1536 1400 1583 amoenitates]
1410 1535 1486 1572 ‘bei
1500 1537 1602 1573 allen
1615 1537 1734 1573 Muni-

987 1584 1111 1630 cipien
1144 1584 1219 1619 und
1255 1584 1496 1628 Landsitzen,
1531 1584 1592 1620 die
1623 1583 1734 1620 einen

987 1632 1245 1675 angenehmen
1270 1612 1496 1666 Aufenthatt’
1521 1631 1733 1668 darboten'.

986 1679 1071 1725 Vgl.
1086 1678 1151 1722 111,
1165 1683 1186 1713 2
1200 1679 1297 1714 circo
1311 1689 1354 1713 ac
1366 1679 1516 1714 theatris
1529 1682 1564 1714 et
1575 1679 1733 1715 amoeni

985 1730 1059 1762 tate
1084 1727 1189 1761 urbis
1212 1726 1407 1770 emollitos;
1437 1724 1479 1760 A.
1508 1725 1552 1769 V,
1579 1730 1600 1761 2
1630 1726 1733 1762 Tibe-

984 1775 1080 1810 rius.
1097 1801 1104 1809 .
1121 1773 1232 1809 ‚nihil
1244 1776 1387 1808 mutata
1405 1775 1621 1809 amoenitate
1639 1774 1738 1810 vitae

985 1821 1273 1867 maynitudinem
1286 1821 1512 1866 neqotiorum
1524 1831 1594 1866 per
1608 1821 1733 1857 literas

985 1869 1180 1904 excusavit.

1033 1926 1066 1958 3.
1098 1922 1260 1957 resistere
1292 1921 1304 1938 Ι
1317 1920 1406 1956 Halt
1435 1919 1608 1957 machen’
1641 1921 1737 1957 statt.

987 1969 1051 2004 des
1075 1968 1361 2014 gewohnlichen
1387 1969 1587 2004 consistere.

1032 2015 1363 2062 ⁸aravi—-aymine]
1381 2027 1408 2051 s.
1428 2027 1473 2050 zu
1492 2015 1520 2060 Ι,
1541 2019 1597 2059 70,
1616 2018 1674 2052 20.

1033 2073 1065 2104 5.
1099 2070 1207 2104 etiam
1239 2069 1334 2103 inter
1359 2068 1494 2115 servos]
1523 2067 1658 2104 ‘selbsfi
1679 2067 1733 2104 im

985 2116 1185 2161 Vergleich
1217 2115 1288 2150 mit
1319 2115 1390 2150 den
1424 2115 1614 2151 Sklaven’.
1663 2115 1734 2150 Die

986 2164 1128 2199 calones
1155 2164 1196 2208 (s.
1218 2174 1263 2197 zu
1281 2162 1309 2205 I,
1329 2166 1387 2206 49,
1414 2164 1450 2206 3)
1476 2173 1601 2198 waren
1626 2161 1734 2198 skla-

984 2223 1068 2254 ven,
1094 2210 1154 2245 die
1174 2211 1273 2245 lixae
1292 2209 1397 2244 Freie
1418 2209 1528 2255 (nach
1543 2209 1584 2245 A.
1599 2208 1646 2254 ΙΙ,
1661 2210 1733 2255 62).

986 2258 1071 2302 Vgl.
1098 2258 1142 2292 H.
1169 2257 1213 2300 V,
1242 2260 1284 2292 17
1311 2257 1416 2292 illum
1446 2258 1539 2292 diem
1564 2260 1631 2293 aut
1658 2257 1735 2302 910-

983 2305 1224 2340 riosissimum
1257 2305 1353 2340 inter
1383 2305 1537 2340 maiores
1568 2304 1606 2348 (i.
1642 2315 1674 2340 e.
1700 2303 1734 2340 si

986 2350 1260 2397 comparaveris
1287 2363 1368 2386 eum
1389 2351 1499 2387 rebus
1517 2351 1635 2396 gestis
1654 2361 1734 2387 ma-

985 2399 1119 2443 iorum)
1146 2402 1212 2434 aut
1237 2399 1519 2444 iqnominiosum
1544 2399 1647 2444 apua
1665 2404 1733 2444 po-

984 2451 1096 2483 steros
1119 2447 1207 2490 fore.

1034 2504 1066 2536 6.
1092 2500 1269 2535 inhabilis
1296 2499 1416 2534 ‘nicht
1440 2497 1658 2544 angethan'.

1035 2557 1066 2588 7.
1104 2563 1245 2587 summa
1281 2551 1472 2598 modestia]
1509 2551 1574 2586 der
1612 2551 1734 2588 Sache

983 2600 1082 2634 nach
1102 2616 1147 2628 =
1167 2600 1247 2635 acri
1271 2600 1480 2644 disciplina.
1523 2597 1607 2644 Vgl.
1633 2609 1679 2633 zu
1703 2597 1732 2643 1,

1033 2675 1250 2739 bnerabant]
1278 2692 1389 2728 ‘noch
1419 2691 1576 2736 lastiger
1605 2691 1732 2726 mach-

983 2741 1077 2776 ten'.
1116 2740 1150 2775 S.
1178 2751 1223 2774 zu
1248 2740 1275 2783 Ι,
1302 2744 1334 2782 6,
1360 2743 1391 2774 2.

985 2840 1002 2874 Ι
1033 2795 1246 2876 83.5m;21i¹u—
1254 2804 1324 2837 per
1343 2791 1608 2837 adulationem]
1631 2803 1659 2827 s.
1685 2803 1732 2827 zu

1004 2868 1013 2885 ,
1088 2868 1096 2885 ,
1171 2867 1179 2875 .
