1820 3080
171 65 257 108 134
323 57 325 59 θ

693 65 856 104 TACITI
881 66 1218 105 HISTORIARUM

99 185 143 218 10
169 183 209 217 et
239 177 362 217 Mario
396 178 521 229 Celso,
554 179 608 217 ita
639 179 680 218 in
713 177 834 218 rebus
866 178 1029 218 urbanis
1062 178 1192 219 Galeri
1217 179 1399 220 Trachali
1430 181 1589 233 ingenio
1614 181 1736 222 Otho·

169 249 260 276 nem
298 238 357 276 uti
395 236 650 290 credebatur3
688 242 727 276 et
765 243 878 277 erant
916 239 984 290 qui
1021 250 1147 290 genus
1179 239 1308 290 ipsum
1341 240 1480 280 orandi
1510 246 1736 294 noscerent,

169 296 310 336 crebro
344 296 420 335 fori
452 308 526 336 usu
559 296 714 336 celebre
747 302 787 336 et
818 296 865 336 ad
899 296 1119 349 implendas
1151 297 1286 349 populi
1318 310 1435 339 aures
1459 298 1583 340 latum
1608 305 1650 340 et
1674 312 1735 340 so-

169 367 278 395 nans.
329 355 477 395 clamor
514 367 711 408 vocesque
751 355 856 408 vulgi
894 368 942 396 ex
981 368 1091 396 more
1129 356 1315 397 adulandi
1351 359 1496 398 nimiae
1527 365 1567 398 et
1598 358 1734 400 falsae:

170 415 283 465 quasi
320 414 554 454 dictatorem
593 415 800 455 Caesarem
840 421 907 456 aut
943 417 1225 467 imperatorem
1263 417 1485 468 Augustum
1522 430 1736 470 proseque-

171 479 324 527 rentur,
355 475 409 514 ita
442 474 584 514 studiis
616 476 795 526 votisque
828 474 1045 528 certabant,
1078 487 1150 514 nec
1182 481 1292 515 metu
1324 482 1391 516 aut
1415 488 1561 529 amore,
1593 477 1662 517 sed
1689 489 1737 517 ex

169 532 332 574 libidine
359 534 529 574 servitii:
560 539 604 574 ut
630 535 670 573 in
698 533 867 587 familiis,
892 535 1043 586 privata
1069 536 1214 586 cuique
1241 534 1470 589 stimulatio,
1494 541 1535 576 et
1561 535 1634 576 vile
1659 537 1737 576 iam

101 481 144 513 15

219 674 274 706 10.
301 671 342 706 in
360 670 466 707 rebus
484 671 655 718 urbanis]
684 671 738 706 ‘in
759 671 915 707 inneren

168 717 533 764 Angelegenheiten,
576 719 617 754 in
661 719 807 764 Fragen
850 719 915 755 der

168 765 320 801 inneren
346 765 516 810 Politik’,
547 765 601 801 im
627 766 835 812 Gegensatz
871 777 916 801 zu

169 813 334 848 consiliis
364 814 528 849 militiae.
580 813 666 858 vgl.
694 812 758 849 Cic
782 813 828 848 de
855 813 913 849 off.

169 860 186 895 1
212 863 231 903 ξ
258 864 302 896 76
333 862 395 896 sed
425 864 545 896 tamen
573 862 614 897 icl
638 862 759 906 ipsum
783 865 834 897 est
857 872 916 906 ye-

169 912 264 943 stam
297 908 448 944 consilio
472 909 616 945 urbano
640 909 719 944 sine
743 909 914 944 exercitu.

169 955 428 1000 Negelsbacm
453 955 520 991 lai.
549 956 629 991 Stil.
657 959 677 998 ξ
703 959 736 999 2,
763 959 796 992 2.

218 1003 276 1038 M.
304 1003 475 1047 Galerius
504 1003 705 1039 Trachalus
730 1014 807 1038 war
831 1003 856 1038 i.
882 1002 915 1038 J.

170 1053 216 1085 68
242 1050 384 1085 Κο118111
417 1061 599 1096 gewesen.
651 1051 762 1086 Trotz
797 1050 917 1086 8811181·

171 1096 395 1143 Thassigkeit
414 1097 470 1133 als
489 1097 672 1133 Publicist
689 1096 742 1132 im
761 1097 916 1133 Dienste

172 1143 290 1180 ochos
323 1144 423 1180 blieb
449 1156 489 1180 er
513 1145 654 1191 infulge
680 1144 802 1180 seiner
825 1144 916 1180 Ver-

170 1191 425 1228 wandtschaft
464 1193 554 1228 oder
592 1192 916 1237 Gentilgenossen-

170 1239 294 1275 schaft.
323 1239 394 1274 mit
426 1238 594 1284 Galeria,
630 1240 695 1275 der
721 1239 919 1275 Gemahlin

169 1286 235 1322 des
266 1286 463 1330 Vitellius,
503 1288 600 1322 nach
638 1286 755 1323 Othos
789 1287 917 1322 Sturze

169 1334 405 1389 unhehelligl:
430 1334 491 1398 (JI,
517 1338 575 1379 60,
604 1336 674 1379 15).
859 1381 866 1387 .

172 1381 920 1482 ,te'ssssfflssa33322‘125431‘2’2522312}

171 1475 212 1511 111
246 1475 394 1512 Ciceros
428 1476 686 1512 rhetorisehen
718 1474 917 1512 Schriften.

222 1522 395 1559 Othonem
412 1523 485 1570 uti]
512 1524 603 1559 Hier
627 1523 727 1559 steht
747 1523 813 1558 der
831 1522 916 1558 Ace.

170 1580 200 1605 c.
233 1569 300 1606 Inf.
336 1569 399 1606 bei
430 1570 703 1615 personlichem
738 1569 917 1616 Subjekce

169 1616 268 1654 nach
286 1618 509 1661 credebatur,
528 1618 599 1654 wie
618 1618 661 1653 A.
681 1616 744 1661 IV,
759 1620 804 1652 55
827 1617 916 1652 Per-

171 1675 341 1711 gamenos
361 1692 368 1701 .
391 1692 399 1701 .
422 1691 428 1700 .
452 1666 544 1701 satis
568 1666 716 1710 adeptos
741 1665 917 1700 creditum

171 1713 272 1758 (est),
291 1713 468 1748 wahrend
488 1713 527 1748 in
546 1713 687 1748 diesem
706 1711 810 1748 Falle
830 1711 916 1747 Tac.

169 1761 294 1804 sonet,
327 1759 570 1796 abweichend
595 1771 670 1796 von
694 1759 760 1795 der
784 1759 916 1795 klassi-

170 1807 285 1842 schen
309 1806 444 1851 Prosa,
470 1808 543 1842 den
567 1806 676 1844 Nom.
703 1818 734 1843 c.
759 1805 828 1842 Inf.
855 1817 915 1852 ge-

170 1854 341 1901 braucht.
391 1854 459 1890 Bei
483 1854 712 1891 sachlichem
738 1853 918 1899 Subjekte

169 1902 287 1937 findet
323 1901 403 1938 sich
440 1902 506 1938 der
535 1902 621 1938 Acc.
656 1913 686 1938 c.
719 1901 788 1936 Inf.
820 1901 918 1936 nach

169 1948 448 1985 Passivformen
472 1961 546 1986 von
571 1950 712 1986 credere
736 1947 779 1985 A.
806 1948 833 1993 Ι,
860 1951 917 1984 28.

169 1995 216 2042 11,
242 2000 299 2032 69.
324 1995 423 2041 XIV,
450 2001 506 2032 48.
547 1996 582 2032 S.
609 2009 653 2032 zu
678 2007 710 2031 c.
736 1999 793 2040 50,
820 1999 852 2030 4.

219 2047 274 2079 11.
308 2055 422 2090 yenus
452 2046 575 2089 ipsum
606 2043 756 2090 orandi]
787 2043 919 2078 ‘selbst

170 2091 243 2127 den
270 2091 344 2127 Stil
369 2090 434 2126 der
459 2091 590 2127 Rede’.

216 2138 419 2185 noscerent]
433 2138 637 2174 ‘erkennen
647 2137 830 2181 wollten'3
842 2136 916 2182 vgl.

170 2185 213 2221 A.
235 2184 264 2229 1,
285 2188 328 2222 62
354 2186 458 2221 nullo
481 2188 655 2221 noscente.

220 2235 276 2268 12.
295 2232 371 2276 fori
388 2242 478 2268 usus
500 2231 760 2278 ‘geriehtliche
775 2229 917 2275 Praxis,

169 2278 368 2314 Austreten
392 2289 461 2315 vor
486 2279 669 2315 Gericht'.

218 2327 268 2362 ad
292 2326 496 2372 implendas
521 2326 655 2373 populi
680 2325 802 2371 aures]
839 2325 917 2360 ‘um

171 2373 244 2409 den
269 2370 503 2410 Gesohmack
527 2373 593 2409 des
619 2372 760 2409 Volkes
785 2385 829 2407 zu
854 2373 917 2408 be·

169 2419 368 2467 friedigen’
402 2420 455 2456 ist
486 2420 554 2456 auf
581 2421 696 2456 latum
725 2424 757 2456 et
782 2430 919 2456 sonans

171 2479 216 2503 zu
238 2467 428 2504 beziehen.
468 2468 552 2513 Vgl.
579 2466 653 2503 Cic.
679 2466 783 2503 Brut.
807 2470 827 2510 ξ
850 2468 918 2502 120

170 2518 213 2550 ut
248 2514 454 2551 Stoicorum
490 2515 676 2551 astrictior
712 2518 762 2550 est
799 2515 918 2550 oratio

171 2563 432 2608 aliquantoque
453 2563 693 2606 contractior,
710 2573 827 2617 'quam
853 2572 918 2597 au-

170 2611 650 2706 ἶῗέωῗοῗῖἕίαἶιὶἦῗᾭῖῖίῖ
663 2610 919 2702 illelmi?

170 2705 324 2740 suetudo
348 2705 572 2741 iudiciorum
597 2708 630 2740 et
654 2705 739 2748 fori.

219 2751 335 2787 latum
377 2755 410 2787 et
452 2751 630 2833 sonans]ll
656 2751 717 2787 ‘in
760 2750 919 2786 breitem

172 2796 301 2832 Flusse
340 2799 415 2833 und
449 2799 520 2834 mit
550 2809 598 2834 vo
631 2810 690 2834 em
721 2798 823 2834 Tone
855 2797 917 2832 da—

171 2843 476 2880 hinrauschend’.
504 2845 629 2886 Quint.
650 2843 731 2889 XII,
745 2848 778 2888 5,
795 2849 815 2881 5
836 2845 920 2890 sagi

987 682 1061 708 von
1103 672 1198 708 ihm:
1243 683 1284 708 ea
1328 673 1491 718 corporis
1526 673 1734 710 sublimitas

987 723 1083 762 erat,
1125 720 1159 755 is
1201 720 1314 756 ardor
1353 721 1558 764 oculorum,
1600 721 1737 764 frontis

988 767 1209 810 auctoritas,
1239 771 1360 814 aestus
1381 768 1635 812 praestantia,
1664 779 1736 805 vox

987 813 1131 859 quidem
1167 825 1260 858 non,
1301 817 1342 850 ut
1381 813 1505 851 Cicero
1542 815 1737 859 deciderat,

985 872 1103 906 paene
1122 862 1386 907 trayoedorum,
1404 862 1467 898 sed
1482 873 1592 908 super
1604 873 1736 907 omnes,

988 919 1078 954 quos
1096 919 1158 954 eyo
1177 910 1321 954 quidem
1335 909 1529 953 audierim,
1547 910 1737 955 traqoedos

989 956 1066 991 und
1092 956 1237 1002 spricht
1260 955 1341 999 XII,
1369 960 1425 1001 10,
1447 960 1489 992 11
1517 967 1590 993 von
1614 956 1736 994 einem

990 1013 1102 1039 sonus
1121 1003 1304 1039 Trachali.
1332 1003 1408 1039 Der
1426 1003 1621 1040 Ausdruck
1641 1005 1738 1041 latus

989 1050 1083 1095 geht
1114 1051 1182 1086 auf
1209 1051 1268 1086 die
1303 1052 1410 1096 copia
1440 1051 1630 1088 verborum
1661 1052 1738 1088 und

989 1097 1110 1133 bildet
1145 1097 1216 1132 den
1248 1096 1458 1144 Gegensatz
1489 1109 1535 1134 zu
1565 1099 1738 1135 astrictus

991 1144 1184 1190 (‘knapp’)
1233 1145 1323 1181 oder
1372 1156 1594 1192 compressus
1644 1146 1740 1192 (‘ge·

991 1191 1176 1238 driingt');
1209 1193 1282 1237 vgl.
1317 1192 1392 1228 Cic.
1419 1204 1451 1228 a..
1479 1204 1514 1229 a.
1540 1192 1583 1229 Ο.
1611 1192 1736 1236 Quint.

990 1239 1036 1281 X,
1063 1243 1095 1283 1,
1123 1243 1191 1275 106
1229 1240 1290 1275 ille
1321 1240 1506 1276 concludit
1537 1241 1738 1284 astrictius,

990 1287 1050 1322 hic
1075 1287 1208 1330 latias;
1233 1286 1327 1322 Plin.
1349 1298 1406 1332 ep.
1424 1291 1482 1332 20,
1498 1291 1542 1323 19
1567 1298 1643 1324 non
1661 1299 1739 1324 am-

986 1337 1124 1379 putata
1149 1338 1182 1369 et
1205 1335 1367 1371 abscissa
1398 1335 1538 1378 oratio,
1567 1335 1630 1372 aed
1659 1335 1738 1371 lata

992 1384 1024 1416 et
1048 1382 1246 1427 maynilica
1265 1385 1298 1418 et
1316 1382 1476 1425 evocatam
1502 1381 1576 1419 Cic.
1603 1382 1649 1419 de
1675 1382 1735 1419 fin.

991 1429 1058 1471 115
1076 1432 1119 1464 17
1145 1430 1242 1474 quod
1266 1429 1379 1464 latius
1405 1430 1636 1475 loquerentur
1659 1430 1738 1467 rhe-

991 1479 1103 1520 tores,
1135 1477 1321 1512 dialectici
1344 1480 1464 1512 autem
1489 1478 1736 1523 compressius.

1041 1538 1095 1571 13.
1121 1535 1258 1570 nimiae
1275 1538 1308 1570 et
1325 1535 1459 1582 falsae]
1479 1534 1734 1572 ‘fibertrieben

990 1582 1066 1616 und
1091 1582 1374 1627 unaufrichtig’.
1425 1581 1500 1618 Der
1530 1581 1736 1619 klassische

991 1628 1322 1674 Spraehgebrauch
1342 1629 1449 1665 hatte
1461 1630 1580 1666 nimia
1591 1633 1626 1666 et
1637 1630 1737 1674 falsa

991 1677 1046 1711 als
1071 1675 1253 1712 Pradikat
1277 1686 1524 1722 vorgezogen.

1037 1730 1288 1774 imperatorem
1307 1729 1534 1776 Auyustum]
1558 1729 1737 1765 Bemerke

991 1776 1051 1812 die
1058 1776 1341 1822 Wortstellung.
1354 1776 1605 1813 Bekanntlieh
1611 1776 1737 1812 fiihrbe

990 1822 1126 1860 Caesar
1150 1823 1342 1870 Augustus
1375 1825 1484 1860 unter
1508 1822 1738 1869 Abwerfung

990 1871 1055 1906 des
1094 1882 1167 1907 von
1204 1872 1344 1907 seinem
1377 1870 1651 1916 Adoptivvater
1681 1881 1739 1906 81·-

991 1919 1121 1954 erbten
1144 1917 1375 1955 Ἴσι-1181118118
1395 1919 1515 1954 Gaius
1539 1918 1606 1954 das
1626 1929 1738 1964 prae-

989 1976 1118 2002 nomen
1142 1967 1394 2011 imperatoris,
1419 1964 1491 2001 wie
1517 1976 1556 2001 88
1582 1965 1738 2009 scheint,

993 2012 1065 2048 seit
1102 2017 1148 2049 40
1182 2026 1215 2050 v.
1249 2013 1334 2049 Chr.
1384 2014 1608 2057 Mommsen,
1646 2016 1738 2049 rom.

993 2059 1147 2096 Staatsr.
1174 2061 1220 2104 II,
1247 2065 1267 2096 2
1295 2060 1330 2096 S.
1359 2064 1427 2096 726
1447 2060 1523 2105 fgg.

1042 2116 1096 2148 15.
1140 2114 1272 2149 studiis
1309 2112 1484 2159 votisque]
1525 2112 1579 2147 ‘in
1609 2111 1736 2148 Bezei-

991 2171 1142 2206 gungen
1192 2160 1258 2195 der
1306 2160 1526 2196 Teilnahme
1574 2158 1651 2194 und
1698 2158 1737 2194 in

992 2206 1363 2253 Segenswfinsehen’.

1037 2260 1198 2307 nec-sed]
1218 2259 1278 2296 bei
1294 2260 1450 2305 Angabe
1469 2271 1544 2296 von
1556 2258 1737 2302 Motiven,

989 2307 1060 2344 wie
1086 2307 1148 2351 IV,
1174 2311 1220 2343 42
1254 2319 1318 2343 nec
1343 2307 1545 2353 depellendi
1565 2307 1736 2353 periculi,

988 2355 1051 2391 sed
1070 2356 1157 2398 etc.;
1180 2356 1221 2391 A.
1242 2354 1270 2399 I,
1285 2358 1330 2390 58
1350 2366 1462 2400 neque
1479 2355 1563 2391 odio
1575 2354 1736 2400 patriae,

990 2413 1113 2438 verum
1137 2403 1226 2447 quia
1253 2404 1321 2438 etc.
1685 2405 1687 2407 '

1041 2459 1095 2492 16.
1122 2456 1290 2502 libidine]
1318 2467 1346 2491 s.
1373 2467 1418 2490 zu
1443 2465 1472 2491 c.
1502 2458 1533 2500 1,
1561 2457 1591 2490 ’1.

1037 2512 1079 2543 ut
1098 2508 1139 2543 in
1156 2508 1331 2555 familiis]
1361 2507 1446 2543 ‘wie
1466 2518 1505 2543 88
1530 2507 1630 2543 beim
1655 2507 1734 2553 (ge-

991 2554 1286 2600 sinnungslosen)
1342 2553 1599 2600 Hausgesinde
1655 2554 1736 2589 her·

991 2602 1118 2648 geht’3
1145 2614 1172 2638 8.
1199 2614 1243 2637 zu
1269 2614 1299 2638 c.
1326 2607 1359 2646 4,
1389 2605 1443 2636 10.

1033 2656 1188 2700 privata
1230 2655 1359 2700 cuique
1400 2653 1603 2690 stimulatio
1661 2651 1737 2689 ‘bei

987 2702 1115 2747 jedem
1162 2712 1287 2737 waren
1328 2700 1564 2747 personliche
1641 2699 1736 2735 rieb-

992 2749 1121 2784 federn
1151 2748 1358 2784 wirksam’.
1408 2747 1492 2792 Vgl.
1518 2757 1548 2782 c.
1579 2751 1620 2783 19
1650 2747 1737 2791 plu—

991 2796 1079 2832 rimi
1109 2796 1211 2831 obvio
1244 2795 1428 2840 obsequio,
1457 2794 1628 2840 privatas
1657 2804 1737 2839 spes

993 2844 1173 2889 aqitantes
1197 2843 1275 2878 sine
1293 2843 1449 2888 publica
1474 2852 1574 2878 cura.
